%%%%%
%%%% MOST IMPORTANT ONES FIRST
%%%%

@Article{Abulencia:2006ze,
     author    = "Abulencia, A. and others",
 collaboration = "CDF",
     title     = "{Observation of $B_s^0$ - $\bar{B}_s^0$ oscillations}",
     journal   = "Phys. Rev. Lett.",
     volume    = "97",
     year      = "2006",
     pages     = "242003",
     eprint    = "hep-ex/0609040",
     archivePrefix = "arXiv",
     doi       = "10.1103/PhysRevLett.97.242003",
     SLACcitation  = "%%CITATION = HEP-EX/0609040;%%"
}

@Article{Atlas:2012smt,
     author    = "Aad, G. and others",
 collaboration = "ATLAS",
     title     = "{Measurement of the top quark pair production cross-section with ATLAS in $pp$ collisions at $\sqrt{s}=7$ TeV in the single-lepton channel with semileptonic $b$ decays}",
     year      = "2012",
     eprint    = "In preparation",
     archivePrefix = "ATLAS conference note"
}

@Article{Atlas:2011momres,
     author    = "Aad, G. and others",
 collaboration = "ATLAS",
     title     = "{Muon Momentum Resolution in First Pass Reconstruction of pp Collision Data Recorded by ATLAS in 2010}",
     year      = "2011",
     eprint    = "ATLAS-CONF-2011-046",
     archivePrefix = "ATLAS conference note"
}

@Article{Aad:2010ey,
     author    = "Aad, G. and others",
 collaboration = "ATLAS",
     title     = "{Measurement of the top quark-pair production cross section with ATLAS in pp collisions at $\sqrt{s}=7 TeV$}",
     journal   = "Eur. Phys. J.",
     volume    = "C71",
     year      = "2011",
     pages     = "1577",
     eprint    = "1012.1792",
     archivePrefix = "arXiv",
     primaryClass  =  "hep-ex",
     doi       = "10.1140/epjc/s10052-011-1577-6",
     SLACcitation  = "%%CITATION = 1012.1792;%%"
}

@Article{Aad:2012ey,
     author    = "Aad, G. and others",
 collaboration = "ATLAS",
     title     = "{Measurement of the top quark pair production cross-section with ATLAS in the single lepton channel}",
     journal   = "Submitted to Phys. Lett. B",
     volume    = "",
     year      = "2012",
     pages     = "",
     eprint    = "1201.1889",
     archivePrefix = "arXiv",
     primaryClass  =  "hep-ex",
}

@Article{Aaltonen:2007he,
     author    = "Aaltonen, T. and others",
 collaboration = "CDF",
     title     = "{First Flavor-Tagged Determination of Bounds on Mixing-Induced CP Violation in $B^0_s \rightarrow J/\psi \phi$ Decays}",
     journal   = "Phys. Rev. Lett.",
     volume    = "100",
     year      = "2008",
     pages     = "161802",
     eprint    = "0712.2397",
     archivePrefix = "arXiv",
     primaryClass  =  "hep-ex",
     doi       = "10.1103/PhysRevLett.100.161802",
     SLACcitation  = "%%CITATION = 0712.2397;%%"
}

@Article{:2010ha,
     author    = "Aad, G. and others",
 collaboration = "ATLAS",
     title     = "{Commissioning of the ATLAS Muon Spectrometer with Cosmic Rays}",
     journal   = "Eur. Phys. J.",
     volume    = "C70",
     year      = "2010",
     pages     = "875-916",
     eprint    = "1006.4384",
     archivePrefix = "arXiv",
     primaryClass  =  "physics.ins-det",
     doi       = "10.1140/epjc/s10052-010-1415-2",
     SLACcitation  = "%%CITATION = 1006.4384;%%"
}

@Article{AtlNotes:02,
   author    = "Aad, G. and others",
 collaboration = "ATLAS",
   title     =  "{ATLAS muon reconstruction efficiency and dimuon mass resolution in early 2011 LHC collisions data}",
   year      = "2010",
   eprint    =  "ATL-CONF-2011-063",
   archivePrefix = "ATLAS conference note"
}

@Article{Adams:2009zz,
     author    = "Adams, D. and others",
     title     = "{Muon reconstruction and identification: Studies with simulated Monte Carlo samples {\it as part of:} Expected Performance of the ATLAS Experiment, Detector, Trigger and Physics}",
     note     = "ATL-PHYS-PUB-2009-008"
}

@Article{Salamanna:2010zz,
     author    = "Salamanna, G.",
     title     = "{ATLAS electroweak results}",
     journal   = "PoS",
     volume    = "QFTHEP2010",
     year      = "2010",
     pages     = "004",
     SLACcitation  = "%%CITATION = POSCI,QFTHEP2010,004;%%"
}

@Article{Salamanna:2006ke,
     author    = "Salamanna, G.",
     title     = "{Measurement of $B_s$ oscillations at CDF}",
     note      = "{Proceedings of the BEACH 2006 conference}",
     journal   = "Nucl. Phys. Proc. Suppl.",
     volume    = "167",
     year      = "2007",
     pages     = "131-135",
     doi       = "10.1016/j.nuclphysbps.2006.12.063",
     SLACcitation  = "%%CITATION = NUPHZ,167,131;%%"
}

@Article{Salamanna:2006zz,
     author    = "Salamanna, G.",
     title     = "{Measurement of the $B_s$ oscillation frequency at CDF}",
     note      = "Proceedings of the IFAE 2006 conference"
}

%%%%%%%%%%%%%%%%%%%%%%%%%%%%%%%%%%%%%%%%%%%%%%%%%%%%%%%%

@Article{AtlNotes:05,
   author    = "Blanco, J. and Boisvert, V. and Cerrito, L. and Cooper-Smith, N. and Morris, J. D. and Rose, M. and Salamanna, G. and Snidero, G. and Vanadia, M.",
   title     = "{Calibration of the $\chi^{2}_{match}$-based Soft Muon Tagger algorithm}",
   eprint      =  "{ATL-COM-PHYS-2012-008}",
   archivePrefix = "ATLAS internal note"
}

@Article{AtlNotes:06,
   author    = "Lister, A. and Salamanna, G.",
collaboration = "ATLAS Top Reconstruction group",
   title =      "{Object selection and calibration, background estimations and MC samples for the Winter 2012 Top Quark analyses with 2011 data}",
   eprint =       "{ATL-COM-PHYS-2012-224}",
   archivePrefix = "ATLAS internal note"
}

@Article{AtlNotes:1,
   author    = "Lister, A. and Salamanna, G.",
collaboration = "ATLAS Top Reconstruction group",
   title =      "{Study on reconstructed object definition and selection for top physics}",
   eprint =       "{ATL-COM-PHYS-2009-633}",
   archivePrefix = "ATLAS internal note"
}

@Article{AtlNotes:4,
   title =      "{Detection of long lived neutral particles in the ATLAS detector}",
   eprint =      "{ATL-COM-PHYS-2008-020}",
   archivePrefix = "ATLAS internal note"
}

@Article{AtlNotes:8,
   title =      "{Muon reconstruction performance}",
   eprint =       "{ATLAS-CONF-2010-064}",
   archivePrefix = "ATLAS internal note"
}

@Article{AtlNotes:14,
   author    = "Ruckstuhl, Nicole and Salamanna, Giuseppe",
   title =      "{Muon momentum scale and resolution measurements with inclusive muons from $1.2~pb^{-1}$ of collision data at $\sqrt{s}$ = 7 TeV}",
   eprint =       "{ATL-COM-PHYS-2010-708}",
   archivePrefix = "ATLAS internal note"
}

@Article{AtlNotes:6,
   title =      "{Atlas Muon Trigger Performance on cosmics and p-p collisions at $\sqrt{s}~=~900~GeV$}",
   eprint =     "{ATL-COM-DAQ-2010-011}",
   archivePrefix = "ATLAS internal note"
}

@Article{AtlNotes:13,
     author    = "Shabalina, E. and Whiteson, D.",
collaboration = "ATLAS Top Reconstruction group",
     title =      "{Background studies for top-pair production in lepton plus jets final states in $\sqrt{s}~=~7~TeV$ ATLAS data}",
     eprint =       "{ATLAS-COM-CONF-2010-085}",
     archivePrefix = "ATLAS internal note"
}

@Article{AtlNotes:16,
     author    = "Cerrito, L. and Salamanna, G.",
collaboration = "ATLAS Top Reconstruction group",
     title =      "{Lepton trigger and identification for the Winter 2011 top quark analyses}",
     eprint =       "{ATL-COM-PHYS-2011-123}",
     archivePrefix = "ATLAS internal note"
}

@Article{AtlNotes:17,
     title =      "{Measurement of the top quark cross-section in the semileptonic channel at $\sqrt{s}=7TeV$ with the ATLAS detector}",
     eprint =       "{ATL-COM-PHYS-2011-111}",
     archivePrefix = "ATLAS internal note"
}

@Article{CDFNotes:8,
    title =      "{Combined opposite side flavor tagger}",
    note =       "{CDF note 8314}"
}

@Article{CDFNotes:9,
    author    = "De Cecco, Sandro and Giagu, Stefano and Rescigno Marco and Salamanna, Giuseppe",
    title =      "{Opposite Side Kaon Tagging}",
    note =       "{CDF note 8179}"
}

@Article{CDFNotes:10,
    author    = "Giagu, Stefano and Salamanna, Giuseppe",
    title =      "{dE/dx, TOF validation studies on 0h/0i data for Bs mixing analyses}",
    note =       "{CDF note 8169}"
}

@Article{CDFNotes:18,
    author    = "Salamanna, Giuseppe",
    title =      "{Tof Resolution studies using muons from $J/\psi$}",
    note =       "{CDF note 6810}"
}

@Article{CDFNotes:12,
    title =      "{Particle Identification by combining TOF and dE/dx information}",
    note =       "{CDF note 7488}"
}