@Article{Abulencia:2006ze,
     author    = "Abulencia, A. and others",
 collaboration = "CDF",
     title     = "{Observation of $B_s^0$ $\bar{B}_s^0$ oscillations}",
     journal   = "Phys. Rev. Lett.",
     volume    = "97",
     year      = "2006",
     pages     = "242003",
     eprint    = "hep-ex/0609040",
     archivePrefix = "arXiv",
     doi       = "10.1103/PhysRevLett.97.242003",
     SLACcitation  = "%%CITATION = HEP-EX/0609040;%%"
}


@Article{Atlas:2011mor,
     author    = "Aad, Georges and others",
 collaboration = "ATLAS",
     title     = "{Measurement of the top quark pair cross-section with ATLAS in pp collisions at $\sqrt{s}$ = 7 TeV in the single-lepton channel using b-tagging}",
     journal   = "Journal paper in preparation",
     year      = "2011",
     eprint    = "ATLAS-CONF-2011-035",
     archivePrefix = "ATLAS conference note"
}

@Article{Aad:2010ey,
     author    = "Aad, Georges and others",
 collaboration = "Atlas",
     title     = "{Measurement of the top quark-pair production cross section with ATLAS in pp collisions at $\sqrt{s}=7 TeV$}",
     journal   = "Eur. Phys. J.",
     volume    = "C71",
     year      = "2011",
     pages     = "1577",
     eprint    = "1012.1792",
     archivePrefix = "arXiv",
     primaryClass  =  "hep-ex",
     doi       = "10.1140/epjc/s10052-011-1577-6",
     SLACcitation  = "%%CITATION = 1012.1792;%%"
}

@Article{Aaltonen:2007he,
     author    = "Aaltonen, T. and others",
 collaboration = "CDF",
     title     = "{First Flavor-Tagged Determination of Bounds on Mixing-
                  Induced CP Violation in B0(s) $\rightarrow$ J/psi phi Decays}",
     journal   = "Phys. Rev. Lett.",
     volume    = "100",
     year      = "2008",
     pages     = "161802",
     eprint    = "0712.2397",
     archivePrefix = "arXiv",
     primaryClass  =  "hep-ex",
     doi       = "10.1103/PhysRevLett.100.161802",
     SLACcitation  = "%%CITATION = 0712.2397;%%"
}

@Article{:2007kv,
     author    = "Aaltonen, T. and others",
 collaboration = "CDF",
     title     = "{Search for B0(s) $\rightarrow$ mu+ mu- and B0(d) $\rightarrow$ mu+ mu-
                  decays with 2fb**-1 of p anti-p collisions}",
     journal   = "Phys. Rev. Lett.",
     volume    = "100",
     year      = "2008",
     pages     = "101802",
     eprint    = "0712.1708",
     archivePrefix = "arXiv",
     primaryClass  =  "hep-ex",
     doi       = "10.1103/PhysRevLett.100.101802",
     SLACcitation  = "%%CITATION = 0712.1708;%%"
}

@Article{:2010ha,
     author    = "Aad, Georges and others",
 collaboration = "ATLAS",
     title     = "{Commissioning of the ATLAS Muon Spectrometer with Cosmic
                  Rays}",
     journal   = "Eur. Phys. J.",
     volume    = "C70",
     year      = "2010",
     pages     = "875-916",
     eprint    = "1006.4384",
     archivePrefix = "arXiv",
     primaryClass  =  "physics.ins-det",
     doi       = "10.1140/epjc/s10052-010-1415-2",
     SLACcitation  = "%%CITATION = 1006.4384;%%"
}

@Article{Adams:2009zz,
     author    = "Adams, D. and others",
     title     = "{Muon reconstruction and identification: Studies with
                  simulated Monte Carlo samples {\it as part of:} Expected Performance of the ATLAS Experiment, Detector, Trigger and Physics}",
     note     = "ATL-PHYS-PUB-2009-008"
}

@Article{Salamanna:2010zz,
     author    = "Salamanna, Giuseppe",
 collaboration = "ATLAS",
     title     = "{ATLAS electroweak results}",
     journal   = "PoS",
     volume    = "QFTHEP2010",
     year      = "2010",
     pages     = "004",
     SLACcitation  = "%%CITATION = POSCI,QFTHEP2010,004;%%"
}

%%%%%%%%%%%%%%%%%%%%%%%%%%%%%%%%%%%%%%%%%%%%%%%%%%%%%%%%

@Article{Aad:2011kt,
      author         = "Aad, Georges and others",
      title          = "{Measurement of the Z to tau tau Cross Section with the ATLAS Detector}",
      collaboration  = "ATLAS Collaboration",
      year           = "2011",
      note           = "* Temporary entry *",
      eprint         = "1108.2016",
      archivePrefix  = "arXiv",
      primaryClass   = "hep-ex",
}
@Article{Collaboration:2011dc,
      author         = "Aad, Georges and Abbott, Brad and Abdallah, Jalal and
                        Abdelalim, Ahmed Ali and Abdesselam, Abdelouahab and
                        others",
      collaboration  = "ATLAS Collaboration",
      title          = "{Search for dilepton resonances in pp collisions at
                        $\sqrt{s}$ = 7 TeV with the ATLAS detector}",
      year           = "2011",
      note           = "* Temporary entry *",
      eprint         = "1108.1582",
      archivePrefix  = "arXiv",
      primaryClass   = "hep-ex",
}
@Article{Aad:2011yg,
      author         = "Aad, Georges and others",
      title          = "{Search for a heavy gauge boson decaying to a charged
                        lepton and a neutrino in 1 fb-1 of pp collisions at
                        $\sqrt{s}$ = 7 TeV using the ATLAS detector}",
      collaboration  = "ATLAS Collaboration",
      year           = "2011",
      note           = "* Temporary entry *",
      eprint         = "1108.1316",
      archivePrefix  = "arXiv",
      primaryClass   = "hep-ex",
}
@Article{Aad:2011vj,
      author         = "Aad, Georges and others",
      title          = "{Inclusive search for same-sign dilepton signatures in pp
                        collisions at $\sqrt{s}$ = 7 TeV with the ATLAS detector}",
      collaboration  = "ATLAS Collaboration",
      year           = "2011",
      note           = "* Temporary entry *",
      eprint         = "1108.0366",
      archivePrefix  = "arXiv",
      primaryClass   = "hep-ex",
}
@Article{Aad:2011rv,
      author         = "Aad, Georges and others",
      title          = "{Search for neutral MSSM Higgs bosons decaying to $tau^+
                        tau^-$ pairs in proton-proton collisions at $\sqrt{s}$ = 7 TeV
                        with the ATLAS detector}",
      collaboration  = "ATLAS Collaboration",
      year           = "2011",
      note           = "* Temporary entry *",
      eprint         = "1107.5003",
      archivePrefix  = "arXiv",
      primaryClass   = "hep-ex",
}

@Article{Aad:2011gn,
     author    = "Aad, Georges and others",
 collaboration = "ATLAS",
     title     = "{Properties of jets measured from tracks in proton-proton
                  collisions at center-of-mass energy $\sqrt{s}$ = 7 TeV with
                  the ATLAS detector}",
     year      = "2011",
     eprint    = "1107.3311",
     archivePrefix = "arXiv",
     primaryClass  =  "hep-ex",
     SLACcitation  = "%%CITATION = 1107.3311;%%"
}

@Article{Aad:2011gj,
     author    = "Aad, Georges and others",
 collaboration = "ATLAS",
     title     = "{Measurement of the transverse momentum distribution of
                  Z/$\gamma$* bosons in proton-proton collisions at $\sqrt{s}$=7
                  TeV with the ATLAS detector}",
     year      = "2011",
     eprint    = "1107.2381",
     archivePrefix = "arXiv",
     primaryClass  =  "hep-ex",
     SLACcitation  = "%%CITATION = 1107.2381;%%"
}

@Article{Aad:2011jz,
     author    = "Aad, Georges and others",
 collaboration = "ATLAS",
     title     = "{Measurement of dijet production with a veto on additional
                  central jet activity in pp collisions at $\sqrt{s}$=7 TeV
                  using the ATLAS detector}",
     year      = "2011",
     eprint    = "1107.1641",
     archivePrefix = "arXiv",
     primaryClass  =  "hep-ex",
     SLACcitation  = "%%CITATION = 1107.1641;%%"
}

@Article{Aad:2011mh,
     author    = "Aad, Georges and others",
 collaboration = "ATLAS",
     title     = "{Measurement of the isolated di-photon cross-section in pp
                  collisions at $\sqrt{s}$ = 7 TeV with the ATLAS detector}",
     year      = "2011",
     eprint    = "1107.0581",
     archivePrefix = "arXiv",
     primaryClass  =  "hep-ex",
     SLACcitation  = "%%CITATION = 1107.0581;%%"
}

@Article{Aad:2011kz,
     author    = "Aad, Georges and others",
 collaboration = "ATLAS",
     title     = "{Search for Diphoton Events with Large Missing Transverse
                  Energy with 36 $pb^-1$ of 7 TeV Proton-Proton Collision Data
                  with the ATLAS Detector}",
     year      = "2011",
     eprint    = "1107.0561",
     archivePrefix = "arXiv",
     primaryClass  =  "hep-ex",
     SLACcitation  = "%%CITATION = 1107.0561;%%"
}

@Article{Aad:2011xw,
     author    = "Aad, Georges and others",
 collaboration = "ATLAS",
     title     = "{Search for new phenomena with the monojet and missing
                  transverse momentum signature using the ATLAS detector in
                  $\sqrt{s}$ = 7 TeV proton-proton collisions}",
     year      = "2011",
     eprint    = "1106.5327",
     archivePrefix = "arXiv",
     primaryClass  =  "hep-ex",
     SLACcitation  = "%%CITATION = 1106.5327;%%"
}

@Article{Aad:2011xv,
     author    = "Aad, Georges and others",
 collaboration = "ATLAS",
     title     = "{Measurement of the Upsilon(1S) Production Cross-Section in
                  pp Collisions at $\sqrt{s}$ = 7 TeV in ATLAS}",
     year      = "2011",
     eprint    = "1106.5325",
     archivePrefix = "arXiv",
     primaryClass  =  "hep-ex",
     SLACcitation  = "%%CITATION = 1106.5325;%%"
}

@Article{Aad:2011hz,
     author    = "Aad, Georges and others",
 collaboration = "ATLAS",
     title     = "{Search for Heavy Long-Lived Charged Particles with the
                  ATLAS detector in pp collisions at $\sqrt{s}$ = 7 TeV}",
     year      = "2011",
     eprint    = "1106.4495",
     archivePrefix = "arXiv",
     primaryClass  =  "hep-ex",
     SLACcitation  = "%%CITATION = 1106.4495;%%"
}

@Article{Aad:2011qi,
     author    = "Aad, Georges and others",
 collaboration = "ATLAS",
     title     = "{Limits on the production of the Standard Model Higgs Boson
                  in pp collisions at $\sqrt{s}$ =7 TeV with the ATLAS
                  detector}",
     year      = "2011",
     eprint    = "1106.2748",
     archivePrefix = "arXiv",
     primaryClass  =  "hep-ex",
     SLACcitation  = "%%CITATION = 1106.2748;%%"
}

@Article{Aad:2011tc,
     author    = "Aad, Georges and others",
 collaboration = "ATLAS",
     title     = "{Measurement of W$\gamma$ and Z$\gamma$ production in proton-
                  proton collisions at $\sqrt{s}$=7 TeV with the ATLAS
                  Detector}",
     year      = "2011",
     eprint    = "1106.1592",
     archivePrefix = "arXiv",
     primaryClass  =  "hep-ex",
     SLACcitation  = "%%CITATION = 1106.1592;%%"
}

@Article{Aad:2011kk,
     author    = "Aad, Georges and others",
 collaboration = "ATLAS",
     title     = "{Measurement of the WW cross section in $\sqrt{s}$ = 7 TeV pp
                  collisions with ATLAS}",
     year      = "2011",
     eprint    = "1104.5225",
     archivePrefix = "arXiv",
     primaryClass  =  "hep-ex",
     SLACcitation  = "%%CITATION = 1104.5225;%%"
}

@Article{Aad:2011uv,
     author    = "Aad, Georges and others",
 collaboration = "ATLAS",
     title     = "{Search for pair production of first or second generation
                  leptoquarks in proton-proton collisions at $\sqrt{s}$=7 TeV
                  using the ATLAS detector at the LHC}",
     year      = "2011",
     eprint    = "1104.4481",
     archivePrefix = "arXiv",
     primaryClass  =  "hep-ex",
     SLACcitation  = "%%CITATION = 1104.4481;%%"
}

@Article{Collaboration:2011tt,
     author    = "Aad, Georges and others",
 collaboration = "ATLAS",
     title     = "{Search for Contact Interactions in Dimuon Events from pp
                  Collisions at $\sqrt{s}$ = 7 TeV with the ATLAS Detector}",
     year      = "2011",
     eprint    = "1104.4398",
     archivePrefix = "arXiv",
     primaryClass  =  "hep-ex",
     SLACcitation  = "%%CITATION = 1104.4398;%%"
}

@Article{Aad:2011eu,
     author    = "Aad, Georges and others",
 collaboration = "ATLAS",
     title     = "{Measurement of the Inelastic Proton-Proton Cross-Section
                  at sqrt{s}=7 TeV with the ATLAS Detector}",
     year      = "2011",
     eprint    = "1104.0326",
     archivePrefix = "arXiv",
     primaryClass  =  "hep-ex",
     SLACcitation  = "%%CITATION = 1104.0326;%%"
}

@Article{Aad:2011xp,
     author    = "Aad, Georges and others",
 collaboration = "ATLAS",
     title     = "{Search for high mass dilepton resonances in pp collisions
                  at sqrt{s}=7 TeV with the ATLAS experiment}",
     journal   = "Phys. Lett.",
     volume    = "B700",
     year      = "2011",
     pages     = "163-180",
     eprint    = "1103.6218",
     archivePrefix = "arXiv",
     primaryClass  =  "hep-ex",
     doi       = "10.1016/j.physletb.2011.04.044",
     SLACcitation  = "%%CITATION = 1103.6218;%%"
}

@Article{Aad:2011xm,
     author    = "Aad, Georges and others",
 collaboration = "ATLAS",
     title     = "{Search for supersymmetric particles in events with lepton
                  pairs and large missing transverse momentum in sqrt{s} = 7
                  TeV proton-proton collisions with the ATLAS experiment}",
     journal   = "Eur. Phys. J.",
     volume    = "C71",
     year      = "2011",
     pages     = "1682",
     eprint    = "1103.6214",
     archivePrefix = "arXiv",
     primaryClass  =  "hep-ex",
     doi       = "10.1140/epjc/s10052-011-1682-6",
     SLACcitation  = "%%CITATION = 1103.6214;%%"
}

@Article{Aad:2011ktt,
     author    = "Aad, Georges and others",
 collaboration = "ATLAS",
     title     = "{Search for a heavy particle decaying into an electron and
                  a muon with the ATLAS detector in $\sqrt{s}$ = 7 TeV pp
                  collisions at the LHC}",
     year      = "2011",
     eprint    = "1103.5559",
     archivePrefix = "arXiv",
     primaryClass  =  "hep-ex",
     SLACcitation  = "%%CITATION = 1103.5559;%%"
}

@Article{Aad:2011ks,
     author    = "Aad, Georges and others",
 collaboration = "ATLAS",
     title     = "{Search for supersymmetry in pp collisions at sqrt{s} =
                  7TeV in final states with missing transverse momentum and
                  b-jets}",
     journal   = "Phys. Lett.",
     volume    = "B701",
     year      = "2011",
     pages     = "398-416",
     eprint    = "1103.4344",
     archivePrefix = "arXiv",
     primaryClass  =  "hep-ex",
     doi       = "10.1016/j.physletb.2011.06.015",
     SLACcitation  = "%%CITATION = 1103.4344;%%"
}

@Article{Aad:2011aj,
     author    = "Aad, Georges and others",
 collaboration = "ATLAS",
     title     = "{Search for New Physics in Dijet Mass and Angular
                  Distributions in pp Collisions at $\sqrt{s}$ = 7 TeV Measured
                  with the ATLAS Detector}",
     journal   = "New J. Phys.",
     volume    = "13",
     year      = "2011",
     pages     = "053044",
     eprint    = "1103.3864",
     archivePrefix = "arXiv",
     primaryClass  =  "hep-ex",
     doi       = "10.1088/1367-2630/13/5/053044",
     SLACcitation  = "%%CITATION = 1103.3864;%%"
}

@Article{Aad:2011yn,
     author    = "Aad, Georges and others",
 collaboration = "ATLAS",
     title     = "{Measurement of the Muon Charge Asymmetry from W Bosons
                  Produced in pp Collisions at $\sqrt{s}$ = 7 TeV with the ATLAS
                  detector}",
     journal   = "Phys. Lett.",
     volume    = "B701",
     year      = "2011",
     pages     = "31-49",
     eprint    = "1103.2929",
     archivePrefix = "arXiv",
     primaryClass  =  "hep-ex",
     doi       = "10.1016/j.physletb.2011.05.024",
     SLACcitation  = "%%CITATION = 1103.2929;%%"
}

@Article{Aad:2011yf,
     author    = "Aad, Georges and others",
 collaboration = "ATLAS",
     title     = "{Search for stable hadronising squarks and gluinos with the
                  ATLAS experiment at the LHC}",
     journal   = "Phys. Lett.",
     volume    = "B701",
     year      = "2011",
     pages     = "1-19",
     eprint    = "1103.1984",
     archivePrefix = "arXiv",
     primaryClass  =  "hep-ex",
     doi       = "10.1016/j.physletb.2011.05.010",
     SLACcitation  = "%%CITATION = 1103.1984;%%"
}

@Article{Aad:2011qe,
     author    = "Aad, Georges and others",
 collaboration = "ATLAS",
     title     = "{Measurements of underlying-event properties using neutral
                  and charged particles in pp collisions at 900 GeV and 7 TeV
                  with the ATLAS detector at the LHC}",
     journal   = "Eur. Phys. J.",
     volume    = "C71",
     year      = "2011",
     pages     = "1636",
     eprint    = "1103.1816",
     archivePrefix = "arXiv",
     primaryClass  =  "hep-ex",
     doi       = "10.1140/epjc/s10052-011-1636-z",
     SLACcitation  = "%%CITATION = 1103.1816;%%"
}

@Article{Aad:2011fe,
     author    = "Aad, Georges and others",
 collaboration = "ATLAS",
     title     = "{Search for high-mass states with one lepton plus missing
                  transverse momentum in proton-proton collisions at $\sqrt{s}$
                  = 7 TeV with the ATLAS detector}",
     journal   = "Phys. Lett.",
     volume    = "B701",
     year      = "2011",
     pages     = "50-69",
     eprint    = "1103.1391",
     archivePrefix = "arXiv",
     primaryClass  =  "hep-ex",
     doi       = "10.1016/j.physletb.2011.05.043",
     SLACcitation  = "%%CITATION = 1103.1391;%%"
}

@Article{daCosta:2011qk,
     author    = "da Costa, Joao Barreiro Guimaraes and others",
 collaboration = "Atlas",
     title     = "{Search for squarks and gluinos using final states with
                  jets and missing transverse momentum with the ATLAS
                  detector in $\sqrt{s}$ = 7 TeV proton-proton collisions}",
     journal   = "Phys. Lett.",
     volume    = "B701",
     year      = "2011",
     pages     = "186-203",
     eprint    = "1102.5290",
     archivePrefix = "arXiv",
     primaryClass  =  "hep-ex",
     doi       = "10.1016/j.physletb.2011.05.061",
     SLACcitation  = "%%CITATION = 1102.5290;%%"
}

@Article{daCosta:2011ni,
     author    = "da Costa, Joao Barreiro Guimaraes and others",
 collaboration = "ATLAS",
     title     = "{Measurement of Dijet Azimuthal Decorrelations in pp
                  Collisions at $\sqrt{s}$=7 TeV}",
     journal   = "Phys. Rev. Lett.",
     volume    = "106",
     year      = "2011",
     pages     = "172002",
     eprint    = "1102.2696",
     archivePrefix = "arXiv",
     primaryClass  =  "hep-ex",
     SLACcitation  = "%%CITATION = 1102.2696;%%"
}

@Article{Aad:2011hh,
     author    = "Aad, Georges and others",
 collaboration = "Atlas",
     title     = "{Search for supersymmetry using final states with one
                  lepton, jets, and missing transverse momentum with the
                  ATLAS detector in sqrt{s} = 7 TeV pp}",
     journal   = "Phys. Rev. Lett.",
     volume    = "106",
     year      = "2011",
     pages     = "131802",
     eprint    = "1102.2357",
     archivePrefix = "arXiv",
     primaryClass  =  "hep-ex",
     doi       = "10.1103/PhysRevLett.106.131802",
     SLACcitation  = "%%CITATION = 1102.2357;%%"
}

@Article{Aad:2011mb,
     author    = "Aad, Georges and others",
 collaboration = "ATLAS",
     title     = "{Search for Massive Long-lived Highly Ionising Particles
                  with the ATLAS Detector at the LHC}",
     journal   = "Phys. Lett.",
     volume    = "B698",
     year      = "2011",
     pages     = "353-370",
     eprint    = "1102.0459",
     archivePrefix = "arXiv",
     primaryClass  =  "hep-ex",
     doi       = "10.1016/j.physletb.2011.03.033",
     SLACcitation  = "%%CITATION = 1102.0459;%%"
}

@Article{Aad:2011dr,
     author    = "Aad, Georges and others",
 collaboration = "ATLAS",
     title     = "{Luminosity Determination in pp Collisions at $\sqrt{s}$=7 TeV
                  Using the ATLAS Detector at the LHC}",
     journal   = "Eur. Phys. J.",
     volume    = "C71",
     year      = "2011",
     pages     = "1630",
     eprint    = "1101.2185",
     archivePrefix = "arXiv",
     primaryClass  =  "hep-ex",
     doi       = "10.1140/epjc/s10052-011-1630-5",
     SLACcitation  = "%%CITATION = 1101.2185;%%"
}

@Article{Aad:2011kq,
     author    = "Aad, Georges and others",
 collaboration = "Atlas",
     title     = "{Study of Jet Shapes in Inclusive Jet Production in pp
                  Collisions at $\sqrt{s}$ = 7 TeV using the ATLAS Detector}",
     journal   = "Phys. Rev.",
     volume    = "D83",
     year      = "2011",
     pages     = "052003",
     eprint    = "1101.0070",
     archivePrefix = "arXiv",
     primaryClass  =  "hep-ex",
     doi       = "10.1103/PhysRevD.83.052003",
     SLACcitation  = "%%CITATION = 1101.0070;%%"
}

@Article{:2010px,
     author    = "Aad, Georges and others",
 collaboration = "Atlas",
     title     = "{Measurement of the centrality dependence of $J/{\psi}$
                  yields and observation of Z production in lead-lead
                  collisions with the ATLAS detector at the LHC}",
     journal   = "Phys. Lett.",
     volume    = "B697",
     year      = "2011",
     pages     = "294-312",
     eprint    = "1012.5419",
     archivePrefix = "arXiv",
     primaryClass  =  "hep-ex",
     doi       = "10.1016/j.physletb.2011.02.006",
     SLACcitation  = "%%CITATION = 1012.5419;%%"
}

@Article{:2010pg,
     author    = "Aad, Georges and others",
 collaboration = "ATLAS",
     title     = "{Measurement of the production cross section for W-bosons
                  in association with jets in pp collisions at $\sqrt{s}$ = 7
                  TeV with the ATLAS detector}",
     journal   = "Phys. Lett.",
     volume    = "B698",
     year      = "2011",
     pages     = "325-345",
     eprint    = "1012.5382",
     archivePrefix = "arXiv",
     primaryClass  =  "hep-ex",
     doi       = "10.1016/j.physletb.2011.03.012",
     SLACcitation  = "%%CITATION = 1012.5382;%%"
}

@Article{:2010ir,
     author    = "Aad, Georges and others",
 collaboration = "ATLAS",
     title     = "{Charged-particle multiplicities in pp interactions
                  measured with the ATLAS detector at the LHC}",
     journal   = "New J. Phys.",
     volume    = "13",
     year      = "2011",
     pages     = "053033",
     eprint    = "1012.5104",
     archivePrefix = "arXiv",
     primaryClass  =  "hep-ex",
     doi       = "10.1088/1367-2630/13/5/053033",
     SLACcitation  = "%%CITATION = 1012.5104;%%"
}

@Article{Aad:2010sp,
     author    = "Aad, Georges and others",
 collaboration = "Atlas",
     title     = "{Measurement of the inclusive isolated prompt photon cross
                  section in pp collisions at $\sqrt{s}$ = 7 TeV with the ATLAS
                  detector}",
     journal   = "Phys. Rev.",
     volume    = "D83",
     year      = "2011",
     pages     = "052005",
     eprint    = "1012.4389",
     archivePrefix = "arXiv",
     primaryClass  =  "hep-ex",
     doi       = "10.1103/PhysRevD.83.052005",
     SLACcitation  = "%%CITATION = 1012.4389;%%"
}

@Article{Aad:2010qr,
     author    = "Aad, Georges and others",
 collaboration = "ATLAS",
     title     = "{Search for Diphoton Events with Large Missing Transverse
                  Energy in 7 TeV Proton-Proton Collisions with the ATLAS
                  Detector}",
     journal   = "Phys. Rev. Lett.",
     volume    = "106",
     year      = "2011",
     pages     = "121803",
     eprint    = "1012.4272",
     archivePrefix = "arXiv",
     primaryClass  =  "hep-ex",
     doi       = "10.1103/PhysRevLett.106.121803",
     SLACcitation  = "%%CITATION = 1012.4272;%%"
}

@Article{Aad:2010fh,
     author    = "Aad, Georges and others",
 collaboration = "Atlas",
     title     = "{Measurement of underlying event characteristics using
                  charged particles in pp collisions at $\sqrt{s} = 900 GeV$
                  and 7 TeV with the ATLAS detector}",
     journal   = "Phys. Rev.",
     volume    = "D83",
     year      = "2011",
     pages     = "112001",
     eprint    = "1012.0791",
     archivePrefix = "arXiv",
     primaryClass  =  "hep-ex",
     SLACcitation  = "%%CITATION = 1012.0791;%%"
}

@Article{Aad:2010mr,
     author    = "Aad, G. and others",
 collaboration = "The ATLAS",
     title     = "{Studies of the performance of the ATLAS detector using
                  cosmic-ray muons}",
     journal   = "Eur. Phys. J.",
     volume    = "C71",
     year      = "2011",
     pages     = "1593",
     eprint    = "1011.6665",
     archivePrefix = "arXiv",
     primaryClass  =  "physics.ins-det",
     doi       = "10.1140/epjc/s10052-011-1593-6",
     SLACcitation  = "%%CITATION = 1011.6665;%%"
}

@Article{Aad:2010bu,
     author    = "Aad, Georges and others",
 collaboration = "Atlas",
     title     = "{Observation of a Centrality-Dependent Dijet Asymmetry in
                  Lead-Lead Collisions at sqrt(S(NN))= 2.76 TeV with the
                  ATLAS Detector at the LHC}",
     journal   = "Phys. Rev. Lett.",
     volume    = "105",
     year      = "2010",
     pages     = "252303",
     eprint    = "1011.6182",
     archivePrefix = "arXiv",
     primaryClass  =  "hep-ex",
     SLACcitation  = "%%CITATION = 1011.6182;%%"
}

@Article{Aad:2010yt,
     author    = "Aad, Georges and others",
 collaboration = "Atlas",
     title     = "{Measurement of the W $\rightarrow$ lnu and Z/$\gamma^{*}$ $\rightarrow$ ll production
                  cross sections in proton-proton collisions at $\sqrt{s}$ = 7
                  TeV with the ATLAS detector}",
     journal   = "JHEP",
     volume    = "12",
     year      = "2010",
     pages     = "060",
     eprint    = "1010.2130",
     archivePrefix = "arXiv",
     primaryClass  =  "hep-ex",
     doi       = "10.1007/JHEP12(2010)060",
     SLACcitation  = "%%CITATION = 1010.2130;%%"
}

@Article{:2010wv,
     author    = "Aad, Georges and others",
 collaboration = "Atlas",
     title     = "{Measurement of inclusive jet and dijet cross sections in
                  proton-proton collisions at 7 TeV centre-of-mass energy
                  with the ATLAS detector}",
     journal   = "Eur. Phys. J.",
     volume    = "C71",
     year      = "2011",
     pages     = "1512",
     eprint    = "1009.5908",
     archivePrefix = "arXiv",
     primaryClass  =  "hep-ex",
     doi       = "10.1140/epjc/s10052-010-1512-2",
     SLACcitation  = "%%CITATION = 1009.5908;%%"
}

@Article{Collaboration:2010eza,
     author    = "Aad, Georges and others",
 collaboration = "ATLAS",
     title     = "{Search for Quark Contact Interactions in Dijet Angular
                  Distributions in pp Collisions at $\sqrt{s}$ = 7 TeV Measured
                  with the ATLAS Detector}",
     journal   = "Phys. Lett.",
     volume    = "B694",
     year      = "2011",
     pages     = "327-345",
     eprint    = "1009.5069",
     archivePrefix = "arXiv",
     primaryClass  =  "hep-ex",
     doi       = "10.1016/j.physletb.2010.10.021",
     SLACcitation  = "%%CITATION = 1009.5069;%%"
}

@Article{:2010bc,
     author    = "Aad, Georges and others",
 collaboration = "ATLAS",
     title     = "{Search for New Particles in Two-Jet Final States in 7 TeV
                  Proton-Proton Collisions with the ATLAS Detector at the
                  LHC}",
     journal   = "Phys. Rev. Lett.",
     volume    = "105",
     year      = "2010",
     pages     = "161801",
     eprint    = "1008.2461",
     archivePrefix = "arXiv",
     primaryClass  =  "hep-ex",
     doi       = "10.1103/PhysRevLett.105.161801",
     SLACcitation  = "%%CITATION = 1008.2461;%%"
}

@Article{:2010dd,
     author    = "Aad, Georges and others",
 collaboration = "ATLAS",
     title     = "{Readiness of the ATLAS Tile Calorimeter for LHC
                  collisions}",
     journal   = "Eur. Phys. J.",
     volume    = "C70",
     year      = "2010",
     pages     = "1193-1236",
     eprint    = "1007.5423",
     archivePrefix = "arXiv",
     primaryClass  =  "physics.ins-det",
     doi       = "10.1140/epjc/s10052-010-1508-y",
     SLACcitation  = "%%CITATION = 1007.5423;%%"
}

@Article{Collaboration:2010knc,
     author    = "Aad, G and others",
 collaboration = "Atlas",
     title     = "{Performance of the ATLAS Detector using First Collision
                  Data}",
     journal   = "JHEP",
     volume    = "09",
     year      = "2010",
     pages     = "056",
     eprint    = "1005.5254",
     archivePrefix = "arXiv",
     primaryClass  =  "hep-ex",
     doi       = "10.1007/JHEP09(2010)056",
     SLACcitation  = "%%CITATION = 1005.5254;%%"
}

@Article{:2010wqa,
     author    = "Aad, Georges and others",
 collaboration = "ATLAS",
     title     = "{The ATLAS Simulation Infrastructure}",
     journal   = "Eur. Phys. J.",
     volume    = "C70",
     year      = "2010",
     pages     = "823-874",
     eprint    = "1005.4568",
     archivePrefix = "arXiv",
     primaryClass  =  "physics.ins-det",
     doi       = "10.1140/epjc/s10052-010-1429-9",
     SLACcitation  = "%%CITATION = 1005.4568;%%"
}

@Article{Aad:2010bx,
     author    = "Aad, G. and others",
 collaboration = "ATLAS",
     title     = "{The ATLAS Inner Detector commissioning and calibration}",
     journal   = "Eur. Phys. J.",
     volume    = "C70",
     year      = "2010",
     pages     = "787-821",
     eprint    = "1004.5293",
     archivePrefix = "arXiv",
     primaryClass  =  "physics.ins-det",
     doi       = "10.1140/epjc/s10052-010-1366-7",
     SLACcitation  = "%%CITATION = 1004.5293;%%"
}

@Article{Aad:2010rd,
     author    = "Aad, G. and others",
 collaboration = "ATLAS",
     title     = "{Charged-particle multiplicities in pp interactions at
                  $\sqrt{s}$ = 900 GeV measured with the ATLAS detector at the
                  LHC}",
     journal   = "Phys. Lett.",
     volume    = "B688",
     year      = "2010",
     pages     = "21-42",
     eprint    = "1003.3124",
     archivePrefix = "arXiv",
     primaryClass  =  "hep-ex",
     doi       = "10.1016/j.physletb.2010.03.064",
     SLACcitation  = "%%CITATION = 1003.3124;%%"
}

@Article{Aad:2010zh,
     author    = "Aad, G and others",
 collaboration = "ATLAS",
     title     = "{Drift Time Measurement in the ATLAS Liquid Argon
                  Electromagnetic Calorimeter using Cosmic Muons}",
     journal   = "Eur. Phys. J.",
     volume    = "C70",
     year      = "2010",
     pages     = "755-785",
     eprint    = "1002.4189",
     archivePrefix = "arXiv",
     primaryClass  =  "physics.ins-det",
     doi       = "10.1140/epjc/s10052-010-1403-6",
     SLACcitation  = "%%CITATION = 1002.4189;%%"
}

@Article{:2009zp,
     author    = "Aad, G and others",
 collaboration = "ATLAS",
     title     = "{Readiness of the ATLAS Liquid Argon Calorimeter for LHC
                  Collisions}",
     journal   = "Eur. Phys. J.",
     volume    = "C70",
     year      = "2010",
     pages     = "723-753",
     eprint    = "0912.2642",
     archivePrefix = "arXiv",
     primaryClass  =  "physics.ins-det",
     doi       = "10.1140/epjc/s10052-010-1354-y",
     SLACcitation  = "%%CITATION = 0912.2642;%%"
}

@Article{Aad:2009wy,
     author    = "Aad, G. and others",
 collaboration = "The ATLAS",
     title     = "{Expected Performance of the ATLAS Experiment - Detector,
                  Trigger and Physics}",
     year      = "2009",
     eprint    = "0901.0512",
     archivePrefix = "arXiv",
     primaryClass  =  "hep-ex",
     SLACcitation  = "%%CITATION = 0901.0512;%%"
}

@Article{Aaltonen:2008hx,
     author    = "Aaltonen, T. and others",
 collaboration = "CDF",
     title     = "{Search for Maximal Flavor Violating Scalars in Same-Charge
                  Lepton Pairs in p anti-p Collisions at s**(1/2) = 1.96-
                  TeV}",
     journal   = "Phys. Rev. Lett.",
     volume    = "102",
     year      = "2009",
     pages     = "041801",
     eprint    = "0809.4903",
     archivePrefix = "arXiv",
     primaryClass  =  "hep-ex",
     doi       = "10.1103/PhysRevLett.102.041801",
     SLACcitation  = "%%CITATION = 0809.4903;%%"
}

@Article{Aaltonen:2008ip,
     author    = "Aaltonen, T. and others",
 collaboration = "The CDF",
     title     = "{Search for Doubly Charged Higgs Bosons with Lepton-Flavor-
                  Violating Decays involving Tau Leptons}",
     journal   = "Phys. Rev. Lett.",
     volume    = "101",
     year      = "2008",
     pages     = "121801",
     eprint    = "0808.2161",
     archivePrefix = "arXiv",
     primaryClass  =  "hep-ex",
     doi       = "10.1103/PhysRevLett.101.121801",
     SLACcitation  = "%%CITATION = 0808.2161;%%"
}

@Article{Aaltonen:2008dm,
     author    = "Aaltonen, T. and others",
 collaboration = "CDF",
     title     = "{Search for Heavy, Long-Lived Neutralinos that Decay to
                  Photons at CDF II Using Photon Timing}",
     journal   = "Phys. Rev.",
     volume    = "D78",
     year      = "2008",
     pages     = "032015",
     eprint    = "0804.1043",
     archivePrefix = "arXiv",
     primaryClass  =  "hep-ex",
     doi       = "10.1103/PhysRevD.78.032015",
     SLACcitation  = "%%CITATION = 0804.1043;%%"
}

@Article{:2008yw,
     author    = "Aaltonen, T. and others",
 collaboration = "CDF",
     title     = "{Search for Hadronic Decays of W and Z Bosons in Photon
                  Events in p anti-p Collisions at s**(1/2) = 1.96-GeV}",
     journal   = "Phys. Rev.",
     volume    = "D80",
     year      = "2009",
     pages     = "052011",
     eprint    = "0803.4264",
     archivePrefix = "arXiv",
     primaryClass  =  "hep-ex",
     doi       = "10.1103/PhysRevD.80.052011",
     SLACcitation  = "%%CITATION = 0803.4264;%%"
}

@Article{Brigliadori:2008vf,
     author    = "Aaltonen, T. and others",
 collaboration = "CDF",
     title     = "{Search for Pair Production of Scalar Top Quarks Decaying
                  to a tau Lepton and a b Quark in ppbar Collisions at
                  sqrt{s}=1.96 TeV}",
     journal   = "Phys. Rev. Lett.",
     volume    = "101",
     year      = "2008",
     pages     = "071802",
     eprint    = "0802.3887",
     archivePrefix = "arXiv",
     primaryClass  =  "hep-ex",
     doi       = "10.1103/PhysRevLett.101.071802",
     SLACcitation  = "%%CITATION = 0802.3887;%%"
}

@Article{:2008ec,
     author    = "Aaltonen, T. and others",
 collaboration = "CDF",
     title     = "{Two-Particle Momentum Correlations in Jets Produced in p
                  antip Collisions at s**(1/2) = 1.96-TeV}",
     journal   = "Phys. Rev.",
     volume    = "D77",
     year      = "2008",
     pages     = "092001",
     eprint    = "0802.3182",
     archivePrefix = "arXiv",
     primaryClass  =  "hep-ex",
     doi       = "10.1103/PhysRevD.77.092001",
     SLACcitation  = "%%CITATION = 0802.3182;%%"
}

@Article{Aaltonen:2008mi,
     author    = "Aaltonen, T. and others",
 collaboration = "CDF",
     title     = "{Search for the Higgs boson in events with missing
                  transverse energy and b quark jets produced in proton-
                  antiproton collisions at s**(1/2)=1.96 TeV}",
     journal   = "Phys. Rev. Lett.",
     volume    = "100",
     year      = "2008",
     pages     = "211801",
     eprint    = "0802.0432",
     archivePrefix = "arXiv",
     primaryClass  =  "hep-ex",
     doi       = "10.1103/PhysRevLett.100.211801",
     SLACcitation  = "%%CITATION = 0802.0432;%%"
}

@Article{Aaltonen:2008mv,
     author    = "Aaltonen, T. and others",
 collaboration = "CDF",
     title     = "{First Measurement of ZZ Production in panti-p Collisions
                  at s**(1/2) = 1.96-TeV}",
     journal   = "Phys. Rev. Lett.",
     volume    = "100",
     year      = "2008",
     pages     = "201801",
     eprint    = "0801.4806",
     archivePrefix = "arXiv",
     primaryClass  =  "hep-ex",
     doi       = "10.1103/PhysRevLett.100.201801",
     SLACcitation  = "%%CITATION = 0801.4806;%%"
}

@Article{Aaltonen:2008zd,
     author    = "Aaltonen, T. and others",
 collaboration = "CDF",
     title     = "{Measurement of Ratios of Fragmentation Fractions for
                  Bottom Hadrons in p anti-p Collisions at s**(1/2) = 1.96-
                  TeV}",
     journal   = "Phys. Rev.",
     volume    = "D77",
     year      = "2008",
     pages     = "072003",
     eprint    = "0801.4375",
     archivePrefix = "arXiv",
     primaryClass  =  "hep-ex",
     doi       = "10.1103/PhysRevD.77.072003",
     SLACcitation  = "%%CITATION = 0801.4375;%%"
}

@Article{:2008nf,
     author    = "Aaltonen, T. and others",
 collaboration = "CDF",
     title     = "{Search for Heavy Top-like Quarks Using Lepton Plus Jets
                  Events in 1.96-TeV p anti-p Collisions}",
     journal   = "Phys. Rev. Lett.",
     volume    = "100",
     year      = "2008",
     pages     = "161803",
     eprint    = "0801.3877",
     archivePrefix = "arXiv",
     primaryClass  =  "hep-ex",
     doi       = "10.1103/PhysRevLett.100.161803",
     SLACcitation  = "%%CITATION = 0801.3877;%%"
}

@Article{:2008qh,
     author    = "Aaltonen, T. and others",
 collaboration = "CDF",
     title     = "{Search for New Heavy Particles Decaying to Z0 Z0 $\rightarrow$ eeee
                  in p - anti-p Collisions at s**(1/2) = 1.96-TeV}",
     journal   = "Phys. Rev.",
     volume    = "D78",
     year      = "2008",
     pages     = "012008",
     eprint    = "0801.1129",
     archivePrefix = "arXiv",
     primaryClass  =  "hep-ex",
     doi       = "10.1103/PhysRevD.78.012008",
     SLACcitation  = "%%CITATION = 0801.1129;%%"
}

@Article{:2007kq,
     author    = "Aaltonen, T. and others",
 collaboration = "CDF",
     title     = "{First measurement of the fraction of top quark pair
                  production through gluon-gluon fusion}",
     journal   = "Phys. Rev.",
     volume    = "D78",
     year      = "2008",
     pages     = "111101",
     eprint    = "0712.3273",
     archivePrefix = "arXiv",
     primaryClass  =  "hep-ex",
     doi       = "10.1103/PhysRevD.78.111101",
     SLACcitation  = "%%CITATION = 0712.3273;%%"
}

@Article{:2007kp,
     author    = "Aaltonen, T. and others",
 collaboration = "CDF",
     title     = "{Model-Independent Global Search for New High-pT Physics at
                  CDF}",
     year      = "2007",
     eprint    = "0712.2534",
     archivePrefix = "arXiv",
     primaryClass  =  "hep-ex",
     doi       = "10.2172/922303",
     SLACcitation  = "%%CITATION = 0712.2534;%%"
}

@Article{Aaltonen:2007gf,
     author    = "Aaltonen, T. and others",
 collaboration = "CDF",
     title     = "{Measurement of lifetime and decay-width difference in
                  B0(s) $\rightarrow$ J/psi phi decays}",
     journal   = "Phys. Rev. Lett.",
     volume    = "100",
     year      = "2008",
     pages     = "121803",
     eprint    = "0712.2348",
     archivePrefix = "arXiv",
     primaryClass  =  "hep-ex",
     doi       = "10.1103/PhysRevLett.100.121803",
     SLACcitation  = "%%CITATION = 0712.2348;%%"
}

@Article{:2007uc,
     author    = "Aaltonen, T. and others",
 collaboration = "CDF",
     title     = "{Evidence for D0 - anti-D0 mixing using the CDF II
                  Detector}",
     journal   = "Phys. Rev. Lett.",
     volume    = "100",
     year      = "2008",
     pages     = "121802",
     eprint    = "0712.1567",
     archivePrefix = "arXiv",
     primaryClass  =  "hep-ex",
     doi       = "10.1103/PhysRevLett.100.121802",
     SLACcitation  = "%%CITATION = 0712.1567;%%"
}

@Article{Aaltonen:2007gv,
     author    = "Aaltonen, T. and others",
 collaboration = "CDF",
     title     = "{Observation of the Decay B+-(c) $\rightarrow$ J/psi pi+- and
                  Measurement of the B+-(c) Mass}",
     journal   = "Phys. Rev. Lett.",
     volume    = "100",
     year      = "2008",
     pages     = "182002",
     eprint    = "0712.1506",
     archivePrefix = "arXiv",
     primaryClass  =  "hep-ex",
     doi       = "10.1103/PhysRevLett.100.182002",
     SLACcitation  = "%%CITATION = 0712.1506;%%"
}

@Article{Aaltonen:2007dg,
     author    = "Aaltonen, T. and others",
 collaboration = "CDF",
     title     = "{Model-Independent and Quasi-Model-Independent Search for
                  New Physics at CDF}",
     journal   = "Phys. Rev.",
     volume    = "D78",
     year      = "2008",
     pages     = "012002",
     eprint    = "0712.1311",
     archivePrefix = "arXiv",
     primaryClass  =  "hep-ex",
     doi       = "10.1103/PhysRevD.78.012002",
     SLACcitation  = "%%CITATION = 0712.1311;%%"
}

@Article{Aaltonen:2007hs,
     author    = "Aaltonen, T. and others",
 collaboration = "CDF",
     title     = "{Observation of Exclusive Dijet Production at the Fermilab
                  Tevatron p-pbar Collider}",
     journal   = "Phys. Rev.",
     volume    = "D77",
     year      = "2008",
     pages     = "052004",
     eprint    = "0712.0604",
     archivePrefix = "arXiv",
     primaryClass  =  "hep-ex",
     doi       = "10.1103/PhysRevD.77.052004",
     SLACcitation  = "%%CITATION = 0712.0604;%%"
}

@Article{Aaltonen:2007ip,
     author    = "Aaltonen, T. and others",
 collaboration = "CDF",
     title     = "{Measurement of the cross section for W-boson production in
                  association with jets in ppbar collisions at s**(1/2) =
                  1.96-TeV}",
     journal   = "Phys. Rev.",
     volume    = "D77",
     year      = "2008",
     pages     = "011108",
     eprint    = "0711.4044",
     archivePrefix = "arXiv",
     primaryClass  =  "hep-ex",
     doi       = "10.1103/PhysRevD.77.011108",
     SLACcitation  = "%%CITATION = 0711.4044;%%"
}

@Article{:2007cp,
     author    = "Aaltonen, T. and others",
 collaboration = "CDF - Run II",
     title     = "{Measurement of inclusive jet cross-sections in Z/$\gamma$*(
                  $\rightarrow$ e+ e-) + jets production in p anti-p collisions at
                  s**(1/2) = 1.96-TeV}",
     journal   = "Phys. Rev. Lett.",
     volume    = "100",
     year      = "2008",
     pages     = "102001",
     eprint    = "0711.3717",
     archivePrefix = "arXiv",
     primaryClass  =  "hep-ex",
     doi       = "10.1103/PhysRevLett.100.102001",
     SLACcitation  = "%%CITATION = 0711.3717;%%"
}

@Article{:2007nz,
     author    = "Aaltonen, T. and others",
 collaboration = "CDF",
     title     = "{Search for chargino-neutralino production in p anti-p
                  collisions at 1.96-TeV with high-p(T) leptons}",
     journal   = "Phys. Rev.",
     volume    = "D77",
     year      = "2008",
     pages     = "052002",
     eprint    = "0711.3161",
     archivePrefix = "arXiv",
     primaryClass  =  "hep-ex",
     doi       = "10.1103/PhysRevD.77.052002",
     SLACcitation  = "%%CITATION = 0711.3161;%%"
}

@Article{:2007dm,
     author    = "Aaltonen, T. and others",
 collaboration = "CDF",
     title     = "{First measurement of the production of a W boson in
                  association with a single charm quark in p anti-p
                  collisions at s**(1/2) = 1.96-TeV}",
     journal   = "Phys. Rev. Lett.",
     volume    = "100",
     year      = "2008",
     pages     = "091803",
     eprint    = "0711.2901",
     archivePrefix = "arXiv",
     primaryClass  =  "hep-ex",
     doi       = "10.1103/PhysRevLett.100.091803",
     SLACcitation  = "%%CITATION = 0711.2901;%%"
}

@Article{:2007dia,
     author    = "Aaltonen, T. and others",
 collaboration = "CDF",
     title     = "{Limits on the production of narrow t anti-t resonances in
                  p anti-p collisions at s**(1/2) = 1.96-TeV}",
     journal   = "Phys. Rev.",
     volume    = "D77",
     year      = "2008",
     pages     = "051102",
     eprint    = "0710.5335",
     archivePrefix = "arXiv",
     primaryClass  =  "hep-ex",
     doi       = "10.1103/PhysRevD.77.051102",
     SLACcitation  = "%%CITATION = 0710.5335;%%"
}

@Article{Aaltonen:2007wx,
     author    = "Aaltonen, T. and others",
 collaboration = "CDF",
     title     = "{Search for Standard Model Higgs Bosons Produced in
                  Association with W Bosons}",
     journal   = "Phys. Rev. Lett.",
     volume    = "100",
     year      = "2008",
     pages     = "041801",
     eprint    = "0710.4363",
     archivePrefix = "arXiv",
     primaryClass  =  "hep-ex",
     doi       = "10.1103/PhysRevLett.100.041801",
     SLACcitation  = "%%CITATION = 0710.4363;%%"
}

@Article{:2007tr,
     author    = "Aaltonen, T. and others",
 collaboration = "CDF",
     title     = "{Observation of orbitally excited B(s) mesons}",
     journal   = "Phys. Rev. Lett.",
     volume    = "100",
     year      = "2008",
     pages     = "082001",
     eprint    = "0710.4199",
     archivePrefix = "arXiv",
     primaryClass  =  "hep-ex",
     doi       = "10.1103/PhysRevLett.100.082001",
     SLACcitation  = "%%CITATION = 0710.4199;%%"
}

@Article{:2007mg,
     author    = "Aaltonen, T. and others",
 collaboration = "CDF",
     title     = "{A Direct measurement of the W boson width in p anti-p
                  collisions at s**(1/2) = 1.96-TeV}",
     journal   = "Phys. Rev. Lett.",
     volume    = "100",
     year      = "2008",
     pages     = "071801",
     eprint    = "0710.4112",
     archivePrefix = "arXiv",
     primaryClass  =  "hep-ex",
     doi       = "10.1103/PhysRevLett.100.071801",
     SLACcitation  = "%%CITATION = 0710.4112;%%"
}

@Article{:2007jw,
     author    = "Aaltonen, T. and others",
 collaboration = "CDF",
     title     = "{Cross-section constrained top quark mass measurement from
                  dilepton events at the Tevatron}",
     journal   = "Phys. Rev. Lett.",
     volume    = "100",
     year      = "2008",
     pages     = "062005",
     eprint    = "0710.4037",
     archivePrefix = "arXiv",
     primaryClass  =  "hep-ex",
     doi       = "10.1103/PhysRevLett.100.062005",
     SLACcitation  = "%%CITATION = 0710.4037;%%"
}

@Article{Abulencia:2007zz,
     author    = "Aaltonen, T. and others",
 collaboration = "CDF",
     title     = "{First Observation of the Decay B(s)0 $\rightarrow$ D(s)- D(s)+ and
                  Measurement of Its Branching Ratio}",
     journal   = "Phys. Rev. Lett.",
     volume    = "100",
     year      = "2008",
     pages     = "021803",
     doi       = "10.1103/PhysRevLett.100.021803",
     SLACcitation  = "%%CITATION = PRLTA,100,021803;%%"
}

@Article{Aaltonen:2007zza,
     author    = "Aaltonen, T. and others",
 collaboration = "CDF",
     title     = "{Measurement of correlated b-bbar production in p-pbar
                  collisions at s**(1/2) = 1960 GeV}",
     journal   = "Phys. Rev.",
     volume    = "D77",
     year      = "2008",
     pages     = "072004",
     eprint    = "0710.1895",
     archivePrefix = "arXiv",
     primaryClass  =  "hep-ex",
     doi       = "10.1103/PhysRevD.77.072004",
     SLACcitation  = "%%CITATION = 0710.1895;%%"
}

@Article{:2007dz,
     author    = "Aaltonen, T. and others",
 collaboration = "CDF",
     title     = "{Search for resonant t anti-t production in p anti-p
                  collisions at s**(1/2) = 1.96-TeV}",
     journal   = "Phys. Rev. Lett.",
     volume    = "100",
     year      = "2008",
     pages     = "231801",
     eprint    = "0709.0705",
     archivePrefix = "arXiv",
     primaryClass  =  "hep-ex",
     doi       = "10.1103/PhysRevLett.100.231801",
     SLACcitation  = "%%CITATION = 0709.0705;%%"
}

@Article{Aaltonen:2007ps,
     author    = "Aaltonen, T. and others",
 collaboration = "CDF",
     title     = "{First Run II Measurement of the W Boson Mass}",
     journal   = "Phys. Rev.",
     volume    = "D77",
     year      = "2008",
     pages     = "112001",
     eprint    = "0708.3642",
     archivePrefix = "arXiv",
     primaryClass  =  "hep-ex",
     doi       = "10.1103/PhysRevD.77.112001",
     SLACcitation  = "%%CITATION = 0708.3642;%%"
}

@Article{Salamanna:2006zz,
     author    = "Salamanna, Giuseppe",
 collaboration = "CDF",
     title     = "{Measurement of the B/s oscillation frequency at CDF}",
     note      = "Prepared for IFAE 2006 (in Italian), Pavia, Italy, 19-21
                  Apr 2006"
}

@Article{Aaltonen:2007sw,
     author    = "Aaltonen, T. and others",
 collaboration = "CDF",
     title     = "{Search for Direct Pair Production of Supersymmetric Top
                  and Supersymmetric Bottom Quarks in p anti-p Collisions at
                  s**(1/2) = 1.96-TeV}",
     journal   = "Phys. Rev.",
     volume    = "D76",
     year      = "2007",
     pages     = "072010",
     eprint    = "0707.2567",
     archivePrefix = "arXiv",
     primaryClass  =  "hep-ex",
     doi       = "10.1103/PhysRevD.76.072010",
     SLACcitation  = "%%CITATION = 0707.2567;%%"
}

@Article{:2007sb,
     author    = "Aaltonen, T. and others",
 collaboration = "CDF",
     title     = "{Search for new physics in high mass electron-positron
                  events in p anti-p collisions at s**(1/2) = 1.96-TeV}",
     journal   = "Phys. Rev. Lett.",
     volume    = "99",
     year      = "2007",
     pages     = "171802",
     eprint    = "0707.2524",
     archivePrefix = "arXiv",
     primaryClass  =  "hep-ex",
     doi       = "10.1103/PhysRevLett.99.171802",
     SLACcitation  = "%%CITATION = 0707.2524;%%"
}

@Article{:2007na,
     author    = "Aaltonen, T. and others",
 collaboration = "CDF",
     title     = "{Search for exclusive $\gamma$ $\gamma$ production in hadron-
                  hadron collisions}",
     journal   = "Phys. Rev. Lett.",
     volume    = "99",
     year      = "2007",
     pages     = "242002",
     eprint    = "0707.2374",
     archivePrefix = "arXiv",
     primaryClass  =  "hep-ex",
     doi       = "10.1103/PhysRevLett.99.242002",
     SLACcitation  = "%%CITATION = 0707.2374;%%"
}

@Article{:2007mu,
     author    = "Aaltonen, T. and others",
 collaboration = "CDF",
     title     = "{Search for chargino-neutralino production in p anti-p
                  collisions at s**(1/2) = 1.96-TeV}",
     journal   = "Phys. Rev. Lett.",
     volume    = "99",
     year      = "2007",
     pages     = "191806",
     eprint    = "0707.2362",
     archivePrefix = "arXiv",
     primaryClass  =  "hep-ex",
     doi       = "10.1103/PhysRevLett.99.191806",
     SLACcitation  = "%%CITATION = 0707.2362;%%"
}

@Article{:2007kpa,
     author    = "Aaltonen, T. and others",
 collaboration = "CDF",
     title     = "{Search for a high-mass diphoton state and limits on
                  Randall-Sundrum gravitons at CDF}",
     journal   = "Phys. Rev. Lett.",
     volume    = "99",
     year      = "2007",
     pages     = "171801",
     eprint    = "0707.2294",
     archivePrefix = "arXiv",
     primaryClass  =  "hep-ex",
     doi       = "10.1103/PhysRevLett.99.171801",
     SLACcitation  = "%%CITATION = 0707.2294;%%"
}

@Article{:2007un,
     author    = "Aaltonen, T. and others",
 collaboration = "CDF",
     title     = "{Observation and mass measurement of the baryon Xi(b)-}",
     journal   = "Phys. Rev. Lett.",
     volume    = "99",
     year      = "2007",
     pages     = "052002",
     eprint    = "0707.0589",
     archivePrefix = "arXiv",
     primaryClass  =  "hep-ex",
     doi       = "10.1103/PhysRevLett.99.052002",
     SLACcitation  = "%%CITATION = 0707.0589;%%"
}

@Article{:2007ypa,
     author    = "Aaltonen, T. and others",
 collaboration = "CDF",
     title     = "{First measurement of the W boson mass in run II of the
                  Tevatron}",
     journal   = "Phys. Rev. Lett.",
     volume    = "99",
     year      = "2007",
     pages     = "151801",
     eprint    = "0707.0085",
     archivePrefix = "arXiv",
     primaryClass  =  "hep-ex",
     doi       = "10.1103/PhysRevLett.99.151801",
     SLACcitation  = "%%CITATION = 0707.0085;%%"
}

@Article{:2007rw,
     author    = "Aaltonen, T. and others",
 collaboration = "CDF",
     title     = "{First observation of heavy baryons Sigma(b) and
                  Sigma(b)*}",
     journal   = "Phys. Rev. Lett.",
     volume    = "99",
     year      = "2007",
     pages     = "202001",
     eprint    = "0706.3868",
     archivePrefix = "arXiv",
     primaryClass  =  "hep-ex",
     doi       = "10.1103/PhysRevLett.99.202001",
     SLACcitation  = "%%CITATION = 0706.3868;%%"
}

@Article{:2007qf,
     author    = "Aaltonen, T. and others",
 collaboration = "CDF",
     title     = "{Measurement of the p anti-p $\rightarrow$ t anti-t production
                  cross- section and the top quark mass at s**(1/2) = 1.96-
                  TeV in the all-hadronic decay mode}",
     journal   = "Phys. Rev.",
     volume    = "D76",
     year      = "2007",
     pages     = "072009",
     eprint    = "0706.3790",
     archivePrefix = "arXiv",
     primaryClass  =  "hep-ex",
     doi       = "10.1103/PhysRevD.76.072009",
     SLACcitation  = "%%CITATION = 0706.3790;%%"
}

@Article{Aaltonen:2007je,
     author    = "Aaltonen, T. and others",
 collaboration = "CDF",
     title     = "{Search for New Particles Leading to Z+jets Final States in
                  p anti-p Collisions at s**(1/2) = 1.96-TeV}",
     journal   = "Phys. Rev.",
     volume    = "D76",
     year      = "2007",
     pages     = "072006",
     eprint    = "0706.3264",
     archivePrefix = "arXiv",
     primaryClass  =  "hep-ex",
     doi       = "10.1103/PhysRevD.76.072006",
     SLACcitation  = "%%CITATION = 0706.3264;%%"
}

@Article{Aaltonen:2007rb,
     author    = "Aaltonen, T. and others",
 collaboration = "CDF",
     title     = "{Search for Third Generation Vector Leptoquarks in p anti-p
                  Collisions at s**(1/2) = 1.96-TeV}",
     journal   = "Phys. Rev.",
     volume    = "D77",
     year      = "2008",
     pages     = "091105",
     eprint    = "0706.2832",
     archivePrefix = "arXiv",
     primaryClass  =  "hep-ex",
     doi       = "10.1103/PhysRevD.77.091105",
     SLACcitation  = "%%CITATION = 0706.2832;%%"
}

@Article{Aaltonen:2007sd,
     author    = "Aaltonen, T. and others",
 collaboration = "CDF",
     title     = "{Limits on Anomalous Triple Gauge Couplings in p anti-p
                  Collisions at s**(1/2) = 1.96-TeV}",
     journal   = "Phys. Rev.",
     volume    = "D76",
     year      = "2007",
     pages     = "111103",
     eprint    = "0705.2247",
     archivePrefix = "arXiv",
     primaryClass  =  "hep-ex",
     doi       = "10.1103/PhysRevD.76.111103",
     SLACcitation  = "%%CITATION = 0705.2247;%%"
}

@Article{Aaltonen:2007xx,
     author    = "Aaltonen, T. and others",
 collaboration = "CDF",
     title     = "{Measurement of the top-quark mass using missing E(T) +
                  jets events with secondary vertex b-tagging at CDF II}",
     journal   = "Phys. Rev.",
     volume    = "D75",
     year      = "2007",
     pages     = "111103",
     eprint    = "0705.1594",
     archivePrefix = "arXiv",
     primaryClass  =  "hep-ex",
     doi       = "10.1103/PhysRevD.75.111103",
     SLACcitation  = "%%CITATION = 0705.1594;%%"
}

@Article{Abulencia:2007ut,
     author    = "Abulencia, A. and others",
 collaboration = "CDF",
     title     = "{Search for heavy, long-lived particles that decay to
                  photons at CDF II}",
     journal   = "Phys. Rev. Lett.",
     volume    = "99",
     year      = "2007",
     pages     = "121801",
     eprint    = "0704.0760",
     archivePrefix = "arXiv",
     primaryClass  =  "hep-ex",
     doi       = "10.1103/PhysRevLett.99.121801",
     SLACcitation  = "%%CITATION = 0704.0760;%%"
}

@Article{Abulencia:2007us,
     author    = "Abulencia, A. and others",
 collaboration = "CDF",
     title     = "{Polarization of J / psi and psi(2S) mesons produced in p
                  anti-p collisions at s**(1/2) = 1.96-TeV}",
     journal   = "Phys. Rev. Lett.",
     volume    = "99",
     year      = "2007",
     pages     = "132001",
     eprint    = "0704.0638",
     archivePrefix = "arXiv",
     primaryClass  =  "hep-ex",
     doi       = "10.1103/PhysRevLett.99.132001",
     SLACcitation  = "%%CITATION = 0704.0638;%%"
}

@Article{Abulencia:2007br,
     author    = "Abulencia, A. and others",
 collaboration = "CDF",
     title     = "{Precise measurement of the top quark mass in the
                  lepton+jets topology at CDF II}",
     journal   = "Phys. Rev. Lett.",
     volume    = "99",
     year      = "2007",
     pages     = "182002",
     eprint    = "hep-ex/0703045",
     archivePrefix = "arXiv",
     doi       = "10.1103/PhysRevLett.99.182002",
     SLACcitation  = "%%CITATION = HEP-EX/0703045;%%"
}

@Article{Abulencia:2007bra,
     author    = "Abulencia, A. and others",
 collaboration = "CDF",
     title     = "{Measurement of sigma(chi(c2)B(chi(c2) $\rightarrow$ J / psi $\gamma$)
                  / sigma(chi(c1)B(chi(c1) $\rightarrow$ J / psi $\gamma$) in p anti-p
                  collisions at s**(1/2) = 1.96-TeV}",
     journal   = "Phys. Rev. Lett.",
     volume    = "98",
     year      = "2007",
     pages     = "232001",
     eprint    = "hep-ex/0703028",
     archivePrefix = "arXiv",
     doi       = "10.1103/PhysRevLett.98.232001",
     SLACcitation  = "%%CITATION = HEP-EX/0703028;%%"
}

@Article{Abulencia:2007rd,
     author    = "Abulencia, A. and others",
 collaboration = "CDF",
     title     = "{Inclusive search for new physics with like-sign dilepton
                  events in p anti-p collisions at s**(1/2) = 1.96-TeV}",
     journal   = "Phys. Rev. Lett.",
     volume    = "98",
     year      = "2007",
     pages     = "221803",
     eprint    = "hep-ex/0702051",
     archivePrefix = "arXiv",
     doi       = "10.1103/PhysRevLett.98.221803",
     SLACcitation  = "%%CITATION = HEP-EX/0702051;%%"
}

@Article{Abulencia:2007iy,
     author    = "Abulencia, A. and others",
 collaboration = "CDF",
     title     = "{Measurement of sigma p anti-p $\rightarrow$ Z . Br (Z$\rightarrow$ 2tau) in p
                  anti-p  collisions at s**(1/2) = 1.96 TeV}",
     journal   = "Phys. Rev.",
     volume    = "D75",
     year      = "2007",
     pages     = "092004",
     doi       = "10.1103/PhysRevD.75.092004",
     SLACcitation  = "%%CITATION = PHRVA,D75,092004;%%"
}

@Article{Abulencia:2007sy,
     author    = "Abulencia, A. and others",
 collaboration = "CDF",
     title     = "{First Measurement of the Ratio of Central-Electron to
                  Forward-Electron W Partial Cross Sections in p-pbar
                  Collisions at sqrt{s} = 1.96 TeV}",
     journal   = "Phys. Rev. Lett.",
     volume    = "98",
     year      = "2007",
     pages     = "251801",
     eprint    = "hep-ex/0702037",
     archivePrefix = "arXiv",
     doi       = "10.1103/PhysRevLett.98.251801",
     SLACcitation  = "%%CITATION = HEP-EX/0702037;%%"
}

@Article{Abulencia:2007zi,
     author    = "Abulencia, A. and others",
 collaboration = "CDF",
     title     = "{Search for new physics in lepton + photon + X events with
                  929 pb**(-1) of p anti-p collisions at s**(1/2) = 1.96-
                  TeV}",
     journal   = "Phys. Rev.",
     volume    = "D75",
     year      = "2007",
     pages     = "112001",
     eprint    = "hep-ex/0702029",
     archivePrefix = "arXiv",
     doi       = "10.1103/PhysRevD.75.112001",
     SLACcitation  = "%%CITATION = HEP-EX/0702029;%%"
}

@Article{Abulencia:2007tu,
     author    = "Abulencia, A. and others",
 collaboration = "CDF",
     title     = "{Observation of WZ Production}",
     journal   = "Phys. Rev. Lett.",
     volume    = "98",
     year      = "2007",
     pages     = "161801",
     eprint    = "hep-ex/0702027",
     archivePrefix = "arXiv",
     doi       = "10.1103/PhysRevLett.98.161801",
     SLACcitation  = "%%CITATION = HEP-EX/0702027;%%"
}

@Article{Abulencia:2007ez,
     author    = "Abulencia, A. and others",
 collaboration = "CDF - Run II",
     title     = "{Measurement of the Inclusive Jet Cross Section using the
                  k(T) algorithm in p anti-p collisions at s**(1/2) = 1.96-
                  TeV with the CDF II Detector}",
     journal   = "Phys. Rev.",
     volume    = "D75",
     year      = "2007",
     pages     = "092006",
     eprint    = "hep-ex/0701051",
     archivePrefix = "arXiv",
     doi       = "10.1103/PhysRevD.75.092006",
     SLACcitation  = "%%CITATION = HEP-EX/0701051;%%"
}

@Article{Abulencia:2007mp,
     author    = "Abulencia, A. and others",
 collaboration = "CDF",
     title     = "{Search for anomalous production of multi-lepton events in
                  p anti-p collisions at s**(1/2) = 1.96-TeV}",
     journal   = "Phys. Rev. Lett.",
     volume    = "98",
     year      = "2007",
     pages     = "131804",
     eprint    = "0706.4448",
     archivePrefix = "arXiv",
     primaryClass  =  "hep-ex",
     doi       = "10.1103/PhysRevLett.98.131804",
     SLACcitation  = "%%CITATION = 0706.4448;%%"
}

@Article{Abulencia:2006zs,
     author    = "Abulencia, A. and others",
 collaboration = "CDF",
     title     = "{Search for Exotic S=-2 Baryons in proton-antiproton
                  Collisions at $\sqrt{s}$ = 1.96 TeV}",
     journal   = "Phys. Rev.",
     volume    = "D75",
     year      = "2007",
     pages     = "032003",
     eprint    = "hep-ex/0612066",
     archivePrefix = "arXiv",
     doi       = "10.1103/PhysRevD.75.032003",
     SLACcitation  = "%%CITATION = HEP-EX/0612066;%%"
}

@Article{Abulencia:2006rz,
     author    = "Abulencia, A. and others",
 collaboration = "CDF - Run II",
     title     = "{Measurement of the Top Quark Mass in p anti-p Collisions
                  at s**(1/2) = 1.96-TeV using the Decay Length Technique}",
     journal   = "Phys. Rev.",
     volume    = "D75",
     year      = "2007",
     pages     = "071102",
     eprint    = "hep-ex/0612061",
     archivePrefix = "arXiv",
     doi       = "10.1103/PhysRevD.75.071102",
     SLACcitation  = "%%CITATION = HEP-EX/0612061;%%"
}

@Article{Abulencia:2006ry,
     author    = "Abulencia, A. and others",
 collaboration = "CDF - Run II",
     title     = "{Precision measurement of the top quark mass from dilepton
                  events at CDF  II}",
     journal   = "Phys. Rev.",
     volume    = "D75",
     year      = "2007",
     pages     = "031105",
     eprint    = "hep-ex/0612060",
     archivePrefix = "arXiv",
     doi       = "10.1103/PhysRevD.75.031105",
     SLACcitation  = "%%CITATION = HEP-EX/0612060;%%"
}

@Article{Abulencia:2006mf,
     author    = "Abulencia, A. and others",
 collaboration = "CDF",
     title     = "{Cross section measurements of high-p(T) dilepton final-
                  state processes  using a global fitting method}",
     journal   = "Phys. Rev.",
     volume    = "D78",
     year      = "2008",
     pages     = "012003",
     eprint    = "hep-ex/0612058",
     archivePrefix = "arXiv",
     doi       = "10.1103/PhysRevD.78.012003",
     SLACcitation  = "%%CITATION = HEP-EX/0612058;%%"
}

@Article{Abulencia:2006ma,
     author    = "Abulencia, A. and others",
 collaboration = "CDF",
     title     = "{Analysis of the quantum numbers J(PC) of the X(3872)}",
     journal   = "Phys. Rev. Lett.",
     volume    = "98",
     year      = "2007",
     pages     = "132002",
     eprint    = "hep-ex/0612053",
     archivePrefix = "arXiv",
     doi       = "10.1103/PhysRevLett.98.132002",
     SLACcitation  = "%%CITATION = HEP-EX/0612053;%%"
}

@Article{Aaltonen:2006xc,
     author    = "Aaltonen, T. and others",
 collaboration = "CDF",
     title     = "{Measurement of the top-quark mass in all-hadronic decays
                  in p anti-p  collisions at CDF II}",
     journal   = "Phys. Rev. Lett.",
     volume    = "98",
     year      = "2007",
     pages     = "142001",
     eprint    = "hep-ex/0612026",
     archivePrefix = "arXiv",
     doi       = "10.1103/PhysRevLett.98.142001",
     SLACcitation  = "%%CITATION = HEP-EX/0612026;%%"
}

@Article{Abulencia:2006ps,
     author    = "Abulencia, A. and others",
 collaboration = "CDF",
     title     = "{Measurement of the B+ production cross section in p anti-p
                  collisions  at s**(1/2) = 1960-GeV}",
     journal   = "Phys. Rev.",
     volume    = "D75",
     year      = "2007",
     pages     = "012010",
     eprint    = "hep-ex/0612015",
     archivePrefix = "arXiv",
     doi       = "10.1103/PhysRevD.75.012010",
     SLACcitation  = "%%CITATION = HEP-EX/0612015;%%"
}

@Article{Abulencia:2006ei,
     author    = "Abulencia, A. and others",
 collaboration = "CDF II",
     title     = "{Measurement of the helicity fractions of W bosons from top
                  quark decays using fully reconstructed t anti-t events with
                  CDF II}",
     journal   = "Phys. Rev.",
     volume    = "D75",
     year      = "2007",
     pages     = "052001",
     eprint    = "hep-ex/0612011",
     archivePrefix = "arXiv",
     doi       = "10.1103/PhysRevD.75.052001",
     SLACcitation  = "%%CITATION = HEP-EX/0612011;%%"
}

@Article{Abulencia:2006nb,
     author    = "Abulencia, A. and others",
 collaboration = "CDF",
     title     = "{Observation of exclusive electron positron production in
                  hadron hadron  collisions}",
     journal   = "Phys. Rev. Lett.",
     volume    = "98",
     year      = "2007",
     pages     = "112001",
     eprint    = "hep-ex/0611040",
     archivePrefix = "arXiv",
     doi       = "10.1103/PhysRevLett.98.112001",
     SLACcitation  = "%%CITATION = HEP-EX/0611040;%%"
}

@Article{Abulencia:2006kh,
     author    = "Abulencia, A. and others",
 collaboration = "CDF",
     title     = "{Search for W' boson decaying to electron-neutrino pairs in
                  p anti-p  collisions at s**(1/2) = 1.96-TeV}",
     journal   = "Phys. Rev.",
     volume    = "D75",
     year      = "2007",
     pages     = "091101",
     eprint    = "hep-ex/0611022",
     archivePrefix = "arXiv",
     doi       = "10.1103/PhysRevD.75.091101",
     SLACcitation  = "%%CITATION = HEP-EX/0611022;%%"
}

@Article{:2006qw,
     author    = "Abulencia, A. and others",
 collaboration = "CDF",
     title     = "{Measurement of the ratios of branching fractions B(B/s0$\rightarrow$ D/s- pi+  pi+ pi-)/B(B0 $\rightarrow$ D- pi+ pi+ pi-) and B(B/s0 $\rightarrow$ D/s- pi+)/B(B0 $\rightarrow$ D-  pi+)}",
     journal   = "Phys. Rev. Lett.",
     volume    = "98",
     year      = "2007",
     pages     = "061802",
     eprint    = "hep-ex/0610045",
     archivePrefix = "arXiv",
     doi       = "10.1103/PhysRevLett.98.061802",
     SLACcitation  = "%%CITATION = HEP-EX/0610045;%%"
}

@Article{Salamanna:2006cd,
     author    = "Salamanna, Giuseppe",
     title     = "{Study of Bs mixing at the CDFII experiment with a newly
                  developed opposite side b-flavour tagging algorithm using
                  kaons}",
     note     = "FERMILAB-THESIS-2006-21"
}

@Article{Salamanna:2006ke,
     author    = "Salamanna, G.",
 collaboration = "CDF",
     title     = "{Measurement of $b_s$ oscillations at CDF}",
     journal   = "Nucl. Phys. Proc. Suppl.",
     volume    = "167",
     year      = "2007",
     pages     = "131-135",
     doi       = "10.1016/j.nuclphysbps.2006.12.063",
     SLACcitation  = "%%CITATION = NUPHZ,167,131;%%"
}

@Article{Abulencia:2006dr,
     author    = "Abulencia, A. and others",
 collaboration = "CDF",
     title     = "{Measurement of the Lambda0(b) Lifetime in Lambda0(b) $\rightarrow$
                  J/psi Lambda0 in p anti-p Collisions at s**(1/2) = 1.96-
                  TeV}",
     journal   = "Phys. Rev. Lett.",
     volume    = "98",
     year      = "2007",
     pages     = "122001",
     eprint    = "hep-ex/0609021",
     archivePrefix = "arXiv",
     doi       = "10.1103/PhysRevLett.98.122001",
     SLACcitation  = "%%CITATION = HEP-EX/0609021;%%"
}

@Article{Abulencia:2006iy,
     author    = "Abulencia, A. and others",
 collaboration = "CDF",
     title     = "{Search for V + A current in top quark decay in p anti-p
                  collisions at  s**(1/2) = 1.96-TeV}",
     journal   = "Phys. Rev. Lett.",
     volume    = "98",
     year      = "2007",
     pages     = "072001",
     eprint    = "hep-ex/0608062",
     archivePrefix = "arXiv",
     doi       = "10.1103/PhysRevLett.98.072001",
     SLACcitation  = "%%CITATION = HEP-EX/0608062;%%"
}

@Article{Abulencia:2006se,
     author    = "Abulencia, A. and others",
 collaboration = "CDF - Run II",
     title     = "{Measurement of the t anti-t Production Cross Section in p
                  anti-p collisions at s**(1/2) = 1.96-TeV in the All
                  Hadronic Decay Mode}",
     journal   = "Phys. Rev.",
     volume    = "D74",
     year      = "2006",
     pages     = "072005",
     eprint    = "hep-ex/0607095",
     archivePrefix = "arXiv",
     doi       = "10.1103/PhysRevD.74.072005",
     SLACcitation  = "%%CITATION = HEP-EX/0607095;%%"
}

@Article{Abulencia:2006kv,
     author    = "Abulencia, A. and others",
 collaboration = "CDF",
     title     = "{Measurement of the t anti-t Production Cross Section in p
                  anti-p collisions at s**(1/2) = 1.96-TeV using Lepton +
                  Jets Events with Jet Probability b-tagging}",
     journal   = "Phys. Rev.",
     volume    = "D74",
     year      = "2006",
     pages     = "072006",
     eprint    = "hep-ex/0607035",
     archivePrefix = "arXiv",
     doi       = "10.1103/PhysRevD.74.072006",
     SLACcitation  = "%%CITATION = HEP-EX/0607035;%%"
}

@Article{Abulencia:2006psa,
     author    = "Abulencia, A. and others",
 collaboration = "CDF",
     title     = "{Observation of B0 (s) $\rightarrow$ K+ K- and Measurements of
                  Branching Fractions of Charmless Two-body Decays of B0 and
                  B0(s) Mesons in anti-p p Collisions at s**(1/2) = 1.96-
                  TeV}",
     journal   = "Phys. Rev. Lett.",
     volume    = "97",
     year      = "2006",
     pages     = "211802",
     eprint    = "hep-ex/0607021",
     archivePrefix = "arXiv",
     doi       = "10.1103/PhysRevLett.97.211802",
     SLACcitation  = "%%CITATION = HEP-EX/0607021;%%"
}

@Article{Abulencia:2006hj,
     author    = "Abulencia, A. and others",
 collaboration = "CDF",
     title     = "{Search for excited and exotic muons in the mu $\gamma$ decay
                  channel in p anti-p collisions at s**(1/2) = 1.96-TeV}",
     journal   = "Phys. Rev. Lett.",
     volume    = "97",
     year      = "2006",
     pages     = "191802",
     eprint    = "hep-ex/0606043",
     archivePrefix = "arXiv",
     doi       = "10.1103/PhysRevLett.97.191802",
     SLACcitation  = "%%CITATION = HEP-EX/0606043;%%"
}

@Article{Abulencia:2006mq,
     author    = "Abulencia, A. and others",
 collaboration = "CDF - Run II",
     title     = "{Measurement of the B0(s) - anti-B0(s) Oscillation
                  Frequency}",
     journal   = "Phys. Rev. Lett.",
     volume    = "97",
     year      = "2006",
     pages     = "062003",
     eprint    = "hep-ex/0606027",
     archivePrefix = "arXiv",
     doi       = "10.1103/PhysRevLett.97.062003",
     SLACcitation  = "%%CITATION = HEP-EX/0606027;%%"
}

@Article{Abulencia:2006in,
     author    = "Abulencia, A. and others",
 collaboration = "CDF",
     title     = "{Measurement of the t anti-t Production Cross Section in p
                  anti-p Collisions at s**(1/2) = 1.96-TeV}",
     journal   = "Phys. Rev. Lett.",
     volume    = "97",
     year      = "2006",
     pages     = "082004",
     eprint    = "hep-ex/0606017",
     archivePrefix = "arXiv",
     doi       = "10.1103/PhysRevLett.97.082004",
     SLACcitation  = "%%CITATION = HEP-EX/0606017;%%"
}

@Article{Abulencia:2006aj,
     author    = "Abulencia, A. and others",
 collaboration = "CDF",
     title     = "{Search for a neutral Higgs boson decaying to a W boson
                  pair in p antip collisions at s**(1/2) = 1.96-TeV}",
     journal   = "Phys. Rev. Lett.",
     volume    = "97",
     year      = "2006",
     pages     = "081802",
     eprint    = "hep-ex/0605124",
     archivePrefix = "arXiv",
     doi       = "10.1103/PhysRevLett.97.081802",
     SLACcitation  = "%%CITATION = HEP-EX/0605124;%%"
}

@Article{Abulencia:2006mi,
     author    = "Abulencia, A. and others",
 collaboration = "CDF",
     title     = "{Top quark mass measurement from dilepton events at CDF II
                  with the matrix-element method}",
     journal   = "Phys. Rev.",
     volume    = "D74",
     year      = "2006",
     pages     = "032009",
     eprint    = "hep-ex/0605118",
     archivePrefix = "arXiv",
     doi       = "10.1103/PhysRevD.74.032009",
     SLACcitation  = "%%CITATION = HEP-EX/0605118;%%"
}

@Article{Abulencia:2006ce,
     author    = "Abulencia, A. and others",
 collaboration = "CDF",
     title     = "{Measurement of the b jet cross-section in events with a Z
                  boson in p anti-p collisions at s**(1/2) = 1.96-TeV}",
     journal   = "Phys. Rev.",
     volume    = "D74",
     year      = "2006",
     pages     = "032008",
     eprint    = "hep-ex/0605099",
     archivePrefix = "arXiv",
     doi       = "10.1103/PhysRevD.74.032008",
     SLACcitation  = "%%CITATION = HEP-EX/0605099;%%"
}

@Article{Abulencia:2006cc,
     author    = "Abulencia, A. and others",
 collaboration = "CDF",
     title     = "{Search for new physics in lepton + photon + X events with
                  305 pb**-1 of p anti-p collisions at s**(1/2) = 1.96-TeV}",
     journal   = "Phys. Rev. Lett.",
     volume    = "97",
     year      = "2006",
     pages     = "031801",
     eprint    = "hep-ex/0605097",
     archivePrefix = "arXiv",
     doi       = "10.1103/PhysRevLett.97.031801",
     SLACcitation  = "%%CITATION = HEP-EX/0605097;%%"
}

@Article{Abulencia:2006sz,
     author    = "Abulencia, A. and others",
 collaboration = "CDF",
     title     = "{Measurement of the ratio of branching fractions B(D0 $\rightarrow$
                  K+ pi-) / B(D0 $\rightarrow$ K- pi+) using the CDF II Detector}",
     journal   = "Phys. Rev.",
     volume    = "D74",
     year      = "2006",
     pages     = "031109",
     eprint    = "hep-ex/0605027",
     archivePrefix = "arXiv",
     doi       = "10.1103/PhysRevD.74.031109",
     SLACcitation  = "%%CITATION = HEP-EX/0605027;%%"
}

@Article{Abulencia:2006kk,
     author    = "Abulencia, A. and others",
 collaboration = "CDF",
     title     = "{Search for large extra dimensions in the production of
                  jets and missing  transverse energy in p anti-p collisions
                  at s**(1/2) = 1.96-TeV}",
     journal   = "Phys. Rev. Lett.",
     volume    = "97",
     year      = "2006",
     pages     = "171802",
     eprint    = "hep-ex/0605101",
     archivePrefix = "arXiv",
     doi       = "10.1103/PhysRevLett.97.171802",
     SLACcitation  = "%%CITATION = HEP-EX/0605101;%%"
}

@Article{Abulencia:2006yk,
     author    = "Abulencia, A. and others",
 collaboration = "CDF",
     title     = "{Measurement of the t anti-t production cross section in p
                  anti-p  collisions at s**(1/2) = 1.96-TeV using missing
                  E(t) + jets events with  secondary vertex b-tagging}",
     journal   = "Phys. Rev. Lett.",
     volume    = "96",
     year      = "2006",
     pages     = "202002",
     eprint    = "hep-ex/0603043",
     archivePrefix = "arXiv",
     doi       = "10.1103/PhysRevLett.96.202002",
     SLACcitation  = "%%CITATION = HEP-EX/0603043;%%"
}

@Article{Abulencia:2006zu,
     author    = "Abulencia, A. and others",
 collaboration = "CDF",
     title     = "{Measurement of the B/c+ meson lifetime using B/c+ $\rightarrow$
                  J/psi e+ nu/e}",
     journal   = "Phys. Rev. Lett.",
     volume    = "97",
     year      = "2006",
     pages     = "012002",
     eprint    = "hep-ex/0603027",
     archivePrefix = "arXiv",
     doi       = "10.1103/PhysRevLett.97.012002",
     SLACcitation  = "%%CITATION = HEP-EX/0603027;%%"
}

@Article{Abulencia:2006xm,
     author    = "Abulencia, A. and others",
 collaboration = "CDF",
     title     = "{Search for high-mass resonances decaying to e mu in p
                  anti-p collisions at s**(1/2) = 1.96-TeV}",
     journal   = "Phys. Rev. Lett.",
     volume    = "96",
     year      = "2006",
     pages     = "211802",
     eprint    = "hep-ex/0603006",
     archivePrefix = "arXiv",
     doi       = "10.1103/PhysRevLett.96.211802",
     SLACcitation  = "%%CITATION = HEP-EX/0603006;%%"
}

@Article{Abulencia:2006iv,
     author    = "Abulencia, A. and others",
 collaboration = "CDF",
     title     = "{Search for Z' $\rightarrow$ e+ e- using dielectron mass and angular
                  distribution}",
     journal   = "Phys. Rev. Lett.",
     volume    = "96",
     year      = "2006",
     pages     = "211801",
     eprint    = "hep-ex/0602045",
     archivePrefix = "arXiv",
     doi       = "10.1103/PhysRevLett.96.211801",
     SLACcitation  = "%%CITATION = HEP-EX/0602045;%%"
}

@Article{Abulencia:2006js,
     author    = "Abulencia, A. and others",
 collaboration = "CDF",
     title     = "{Measurement of the top quark mass using template methods
                  on dilepton events in p anti-p collisions at s**(1/2) =
                  1.96-TeV}",
     journal   = "Phys. Rev.",
     volume    = "D73",
     year      = "2006",
     pages     = "112006",
     eprint    = "hep-ex/0602008",
     archivePrefix = "arXiv",
     doi       = "10.1103/PhysRevD.73.112006",
     SLACcitation  = "%%CITATION = HEP-EX/0602008;%%"
}

@Article{Abulencia:2006jp,
     author    = "Abulencia, A. and others",
 collaboration = "CDF",
     title     = "{Observation of B0(s) $\rightarrow$ psi(2S)phi and measurement of
                  ratio of branching fractions B(B0(s) $\rightarrow$ psi(2S)phi) /
                  B(B0(s) $\rightarrow$ J/psi phi)}",
     journal   = "Phys. Rev. Lett.",
     volume    = "96",
     year      = "2006",
     pages     = "231801",
     eprint    = "hep-ex/0602005",
     archivePrefix = "arXiv",
     doi       = "10.1103/PhysRevLett.96.231801",
     SLACcitation  = "%%CITATION = HEP-EX/0602005;%%"
}

@Article{Abulencia:2006df,
     author    = "Abulencia, A. and others",
 collaboration = "CDF",
     title     = "{Measurement of sigma(Lambda(b)0) / sigma(anti-B 0) x
                  B(Lambda0(b) $\rightarrow$ Lambda+(c) pi-) / B(anti-B0 $\rightarrow$ D+ pi-)
                  in p anti-p collisions at S**(1/2) = 1.96-TeV}",
     journal   = "Phys. Rev. Lett.",
     volume    = "98",
     year      = "2007",
     pages     = "122002",
     eprint    = "hep-ex/0601003",
     archivePrefix = "arXiv",
     doi       = "10.1103/PhysRevLett.98.122002",
     SLACcitation  = "%%CITATION = HEP-EX/0601003;%%"
}

@Article{Abulencia:2005zc,
     author    = "Abulencia, A. and others",
 collaboration = "CDF",
     title     = "{Measurement of the dipion mass spectrum in X(3872) $\rightarrow$
                  J/psi pi+ pi- decays}",
     journal   = "Phys. Rev. Lett.",
     volume    = "96",
     year      = "2006",
     pages     = "102002",
     eprint    = "hep-ex/0512074",
     archivePrefix = "arXiv",
     doi       = "10.1103/PhysRevLett.96.102002",
     SLACcitation  = "%%CITATION = HEP-EX/0512074;%%"
}

@Article{Abulencia:2005us,
     author    = "Abulencia, A. and others",
 collaboration = "CDF",
     title     = "{A Search for scalar bottom quarks from gluino decays in
                  anti-p p collisions at s**(1/2) = 1.96-TeV}",
     journal   = "Phys. Rev. Lett.",
     volume    = "96",
     year      = "2006",
     pages     = "171802",
     eprint    = "hep-ex/0512072",
     archivePrefix = "arXiv",
     doi       = "10.1103/PhysRevLett.96.171802",
     SLACcitation  = "%%CITATION = HEP-EX/0512072;%%"
}

@Article{Abulencia:2005uq,
     author    = "Abulencia, A. and others",
 collaboration = "CDF",
     title     = "{Top quark mass measurement from dilepton events at CDF
                  II}",
     journal   = "Phys. Rev. Lett.",
     volume    = "96",
     year      = "2006",
     pages     = "152002",
     eprint    = "hep-ex/0512070",
     archivePrefix = "arXiv",
     doi       = "10.1103/PhysRevLett.96.152002",
     SLACcitation  = "%%CITATION = HEP-EX/0512070;%%"
}

@Article{Abulencia:2005ry,
     author    = "Abulencia, A. and others",
 collaboration = "CDF",
     title     = "{Measurement of mass and width of the excited charmed meson
                  states D10  and D2*0}",
     journal   = "Phys. Rev.",
     volume    = "D73",
     year      = "2006",
     pages     = "051104",
     eprint    = "hep-ex/0512069",
     archivePrefix = "arXiv",
     doi       = "10.1103/PhysRevD.73.051104",
     SLACcitation  = "%%CITATION = HEP-EX/0512069;%%"
}

@Article{Abulencia:2005qa,
     author    = "Abulencia, A. and others",
 collaboration = "CDF",
     title     = "{Search for anomalous semileptonic decay of heavy flavor
                  hadrons  produced in association with a W boson at CDF
                  II}",
     journal   = "Phys. Rev.",
     volume    = "D73",
     year      = "2006",
     pages     = "051101",
     eprint    = "hep-ex/0512065",
     archivePrefix = "arXiv",
     doi       = "10.1103/PhysRevD.73.051101",
     SLACcitation  = "%%CITATION = HEP-EX/0512065;%%"
}

@Article{Abulencia:2005jw,
     author    = "Abulencia, A. and others",
 collaboration = "CDF II",
     title     = "{Measurement of the inclusive jet cross section using the
                  k(T) algorithm in p anti-p collisions at s**(1/2) = 1.96-
                  TeV}",
     journal   = "Phys. Rev. Lett.",
     volume    = "96",
     year      = "2006",
     pages     = "122001",
     eprint    = "hep-ex/0512062",
     archivePrefix = "arXiv",
     doi       = "10.1103/PhysRevLett.96.122001",
     SLACcitation  = "%%CITATION = HEP-EX/0512062;%%"
}

@Article{Abulencia:2005ep,
     author    = "Abulencia, A. and others",
 collaboration = "CDF",
     title     = "{Search for H $\rightarrow$ b anti-b produced in association with W
                  bosons in p anti-p collisions at s**(1/2) = 1.96-TeV}",
     journal   = "Phys. Rev. Lett.",
     volume    = "96",
     year      = "2006",
     pages     = "081803",
     eprint    = "hep-ex/0512051",
     archivePrefix = "arXiv",
     doi       = "10.1103/PhysRevLett.96.081803",
     SLACcitation  = "%%CITATION = HEP-EX/0512051;%%"
}

@Article{Salamanna:2005tq,
     author    = "Salamanna, Giuseppe",
 collaboration = "CDF",
     title     = "{Techniques for B/s mixing at CDF}",
     note      = "Presented at Hadron Collider Physics Symposium 2005, Les
                  Diablerets, Switzerland, 4-9 Jul 2005"
}

@Article{Abulencia:2005ua,
     author    = "Abulencia, A. and others",
 collaboration = "CDF",
     title     = "{Search for second-generation scalar leptoquarks in p anti-
                  p collisions at s**(1/2) = 1.96-TeV}",
     journal   = "Phys. Rev.",
     volume    = "D73",
     year      = "2006",
     pages     = "051102",
     eprint    = "hep-ex/0512055",
     archivePrefix = "arXiv",
     doi       = "10.1103/PhysRevD.73.051102",
     SLACcitation  = "%%CITATION = HEP-EX/0512055;%%"
}

@Article{Abulencia:2005yg,
     author    = "Abulencia, A. and others",
 collaboration = "CDF",
     title     = "{Measurement of the inclusive jet cross section in p anti-p
                  interactions at s**(1/2) = 1.96-TeV using a cone-based jet
                  algorithm}",
     journal   = "Phys. Rev.",
     volume    = "D74",
     year      = "2006",
     pages     = "071103",
     eprint    = "hep-ex/0512020",
     archivePrefix = "arXiv",
     doi       = "10.1103/PhysRevD.74.071103",
     SLACcitation  = "%%CITATION = HEP-EX/0512020;%%"
}

@Article{Abulencia:2005pe,
     author    = "Abulencia, A. and others",
 collaboration = "CDF",
     title     = "{Measurement of the top quark mass with the dynamical
                  likelihood method using lepton plus jets events with b-tags
                  in p anti-p collisions at s**(1/2) = 1.96-TeV}",
     journal   = "Phys. Rev.",
     volume    = "D73",
     year      = "2006",
     pages     = "092002",
     eprint    = "hep-ex/0512009",
     archivePrefix = "arXiv",
     doi       = "10.1103/PhysRevD.73.092002",
     SLACcitation  = "%%CITATION = HEP-EX/0512009;%%"
}

@Article{Abulencia:2005xf,
     author    = "Abulencia, A. and others",
 collaboration = "CDF",
     title     = "{Measurement of the helicity of W bosons in top-quark
                  decays}",
     journal   = "Phys. Rev.",
     volume    = "D73",
     year      = "2006",
     pages     = "111103",
     eprint    = "hep-ex/0511023",
     archivePrefix = "arXiv",
     doi       = "10.1103/PhysRevD.73.111103",
     SLACcitation  = "%%CITATION = HEP-EX/0511023;%%"
}

@Article{Abulencia:2005jd,
     author    = "Abulencia, A. and others",
 collaboration = "CDF",
     title     = "{Search for charged Higgs bosons from top quark decays in p
                  anti-p collisions at s**(1/2) = 1.96-TeV}",
     journal   = "Phys. Rev. Lett.",
     volume    = "96",
     year      = "2006",
     pages     = "042003",
     eprint    = "hep-ex/0510065",
     archivePrefix = "arXiv",
     doi       = "10.1103/PhysRevLett.96.042003",
     SLACcitation  = "%%CITATION = HEP-EX/0510065;%%"
}

@Article{Abulencia:2005et,
     author    = "Abulencia, A. and others",
 collaboration = "CDF",
     title     = "{A Search for t $\rightarrow$ tau nu q in t anti-t production}",
     journal   = "Phys. Lett.",
     volume    = "B639",
     year      = "2006",
     pages     = "172-178",
     eprint    = "hep-ex/0510063",
     archivePrefix = "arXiv",
     doi       = "10.1016/j.physletb.2006.06.030",
     SLACcitation  = "%%CITATION = HEP-EX/0510063;%%"
}

@Article{Abulencia:2005ak,
     author    = "Abulencia, A. and others",
 collaboration = "CDF",
     title     = "{Precision top quark mass measurement in the lepton + jets
                  topology in p anti-p collisions at s**(1/2) = 1.96-TeV}",
     journal   = "Phys. Rev. Lett.",
     volume    = "96",
     year      = "2006",
     pages     = "022004",
     eprint    = "hep-ex/0510049",
     archivePrefix = "arXiv",
     doi       = "10.1103/PhysRevLett.96.022004",
     SLACcitation  = "%%CITATION = HEP-EX/0510049;%%"
}

@Article{Abulencia:2005aj,
     author    = "Abulencia, A. and others",
 collaboration = "CDF",
     title     = "{Top quark mass measurement using the template method in
                  the lepton +  jets channel at CDF II}",
     journal   = "Phys. Rev.",
     volume    = "D73",
     year      = "2006",
     pages     = "032003",
     eprint    = "hep-ex/0510048",
     archivePrefix = "arXiv",
     doi       = "10.1103/PhysRevD.73.032003",
     SLACcitation  = "%%CITATION = HEP-EX/0510048;%%"
}

@Article{Abulencia:2005hb,
     author    = "Abulencia, A. and others",
 collaboration = "CDF",
     title     = "{Direct search for Dirac magnetic monopoles in p anti-p
                  collisions at s**(1/2) = 1.96-TeV}",
     journal   = "Phys. Rev. Lett.",
     volume    = "96",
     year      = "2006",
     pages     = "201801",
     eprint    = "hep-ex/0509015",
     archivePrefix = "arXiv",
     doi       = "10.1103/PhysRevLett.96.201801",
     SLACcitation  = "%%CITATION = HEP-EX/0509015;%%"
}

@Article{Abulencia:2005kq,
     author    = "Abulencia, A. and others",
 collaboration = "CDF",
     title     = "{Search for neutral MSSM Higgs bosons decaying to tau pairs
                  in p anti-p collisions at s**(1/2) =1.96-TeV}",
     journal   = "Phys. Rev. Lett.",
     volume    = "96",
     year      = "2006",
     pages     = "011802",
     eprint    = "hep-ex/0508051",
     archivePrefix = "arXiv",
     doi       = "10.1103/PhysRevLett.96.011802",
     SLACcitation  = "%%CITATION = HEP-EX/0508051;%%"
}

@Article{Abulencia:2005pw,
     author    = "Abulencia, A. and others",
 collaboration = "CDF",
     title     = "{Search for B(s)0 $\rightarrow$ mu+ mu- and B(d)0 $\rightarrow$ mu+mu- decays
                  in p anti-p collisions with CDF. II}",
     journal   = "Phys. Rev. Lett.",
     volume    = "95",
     year      = "2005",
     pages     = "221805",
     eprint    = "hep-ex/0508036",
     archivePrefix = "arXiv",
     doi       = "10.1103/PhysRevLett.95.221805",
     SLACcitation  = "%%CITATION = HEP-EX/0508036;%%"
}

@Article{Abulencia:2005ix,
     author    = "Abulencia, A. and others",
 collaboration = "CDF",
     title     = "{Measurements of Inclusive W and Z Cross Sections in p-pbar
                  Collisions at sqrt{s} =1.96 TeV}",
     journal   = "J. Phys.",
     volume    = "G34",
     year      = "2007",
     pages     = "2457-2544",
     eprint    = "hep-ex/0508029",
     archivePrefix = "arXiv",
     doi       = "10.1088/0954-3899/34/12/001",
     SLACcitation  = "%%CITATION = HEP-EX/0508029;%%"
}

@Article{Acosta:2005mq,
     author    = "Acosta, Darin E. and others",
 collaboration = "CDF",
     title     = "{Measurement of b hadron masses in exclusive J/psi decays
                  with the CDF detector}",
     journal   = "Phys. Rev. Lett.",
     volume    = "96",
     year      = "2006",
     pages     = "202001",
     eprint    = "hep-ex/0508022",
     archivePrefix = "arXiv",
     doi       = "10.1103/PhysRevLett.96.202001",
     SLACcitation  = "%%CITATION = HEP-EX/0508022;%%"
}

@Article{Abulencia:2005ia,
     author    = "Abulencia, A. and others",
 collaboration = "CDF",
     title     = "{Measurement of the ratios of branching fractions B(B(s)0 $\rightarrow$ D(s)- pi+) / B(B0 $\rightarrow$ D- pi+) and B(B+ $\rightarrow$ anti-D0
                  pi+) / B(B0 $\rightarrow$ D- pi+)}",
     journal   = "Phys. Rev. Lett.",
     volume    = "96",
     year      = "2006",
     pages     = "191801",
     eprint    = "hep-ex/0508014",
     archivePrefix = "arXiv",
     doi       = "10.1103/PhysRevLett.96.191801",
     SLACcitation  = "%%CITATION = HEP-EX/0508014;%%"
}

@Article{Abulencia:2005nf,
     author    = "Abulencia, A. and others",
 collaboration = "CDF",
     title     = "{Search for new high mass particles decaying to lepton
                  pairs in p anti-p collisions at s**(1/2) = 1.96-TeV}",
     journal   = "Phys. Rev. Lett.",
     volume    = "95",
     year      = "2005",
     pages     = "252001",
     eprint    = "hep-ex/0507104",
     archivePrefix = "arXiv",
     doi       = "10.1103/PhysRevLett.95.252001",
     SLACcitation  = "%%CITATION = HEP-EX/0507104;%%"
}

@Article{Acosta:2005ab,
     author    = "Acosta, Darin E. and others",
 collaboration = "CDF",
     title     = "{Search for Lambda0(b) $\rightarrow$ p pi and Lambda0(b) $\rightarrow$ p K
                  decays in p anti-p collisions at s**1/2 = 1.96-TeV}",
     journal   = "Phys. Rev.",
     volume    = "D72",
     year      = "2005",
     pages     = "051104",
     eprint    = "hep-ex/0507067",
     archivePrefix = "arXiv",
     doi       = "10.1103/PhysRevD.72.051104",
     SLACcitation  = "%%CITATION = HEP-EX/0507067;%%"
}

@Article{Acosta:2005ge,
     author    = "Acosta, Darin E. and others",
 collaboration = "CDF",
     title     = "{Search for first-generation scalar leptoquarks in p anti-p
                  collisions at s**(1/2) = 1.96-TeV}",
     journal   = "Phys. Rev.",
     volume    = "D72",
     year      = "2005",
     pages     = "051107",
     eprint    = "hep-ex/0506074",
     archivePrefix = "arXiv",
     doi       = "10.1103/PhysRevD.72.051107",
     SLACcitation  = "%%CITATION = HEP-EX/0506074;%%"
}

@Article{Acosta:2005ij,
     author    = "Acosta, Darin E. and others",
 collaboration = "CDF",
     title     = "{Search for new physics using high mass tau pairs from
                  1.96-TeV p anti-p collisions}",
     journal   = "Phys. Rev. Lett.",
     volume    = "95",
     year      = "2005",
     pages     = "131801",
     eprint    = "hep-ex/0506034",
     archivePrefix = "arXiv",
     doi       = "10.1103/PhysRevLett.95.131801",
     SLACcitation  = "%%CITATION = HEP-EX/0506034;%%"
}

@Article{Acosta:2005zd,
     author    = "Acosta, Darin E. and others",
 collaboration = "CDF",
     title     = "{Measurement of the t anti-t production cross-section in p
                  anti-p collisions at s**(1/2) = 1.96-TeV using lepton plus
                  jets events with semileptonic B decays to muons}",
     journal   = "Phys. Rev.",
     volume    = "D72",
     year      = "2005",
     pages     = "032002",
     eprint    = "hep-ex/0506001",
     archivePrefix = "arXiv",
     doi       = "10.1103/PhysRevD.72.032002",
     SLACcitation  = "%%CITATION = HEP-EX/0506001;%%"
}

@Article{Acosta:2005hr,
     author    = "Acosta, Darin E. and others",
 collaboration = "CDF",
     title     = "{Measurement of B(t $\rightarrow$ Wb)/ B(t $\rightarrow$ Wq) at the collider
                  detector at Fermilab}",
     journal   = "Phys. Rev. Lett.",
     volume    = "95",
     year      = "2005",
     pages     = "102002",
     eprint    = "hep-ex/0505091",
     archivePrefix = "arXiv",
     doi       = "10.1103/PhysRevLett.95.102002",
     SLACcitation  = "%%CITATION = HEP-EX/0505091;%%"
}

@Article{Abulencia:2005usa,
     author    = "Abulencia, A. and others",
 collaboration = "CDF",
     title     = "{Evidence for the exclusive decay B(c)+- $\rightarrow$ J / psi pi+-
                  and measurement of the mass of the B(c) meson}",
     journal   = "Phys. Rev. Lett.",
     volume    = "96",
     year      = "2006",
     pages     = "082002",
     eprint    = "hep-ex/0505076",
     archivePrefix = "arXiv",
     doi       = "10.1103/PhysRevLett.96.082002",
     SLACcitation  = "%%CITATION = HEP-EX/0505076;%%"
}

@Article{Acosta:2005ix,
     author    = "Acosta, Darin E. and others",
 collaboration = "CDF",
     title     = "{Study of jet shapes in inclusive jet production in p anti-
                  p collisions at s**(1/2) = 1.96-TeV}",
     journal   = "Phys. Rev.",
     volume    = "D71",
     year      = "2005",
     pages     = "112002",
     eprint    = "hep-ex/0505013",
     archivePrefix = "arXiv",
     doi       = "10.1103/PhysRevD.71.112002",
     SLACcitation  = "%%CITATION = HEP-EX/0505013;%%"
}

@Article{Acosta:2005am,
     author    = "Acosta, Darin E. and others",
 collaboration = "CDF",
     title     = "{Measurement of the cross section for t anti-t production
                  in p anti-p collisions using the kinematics of lepton +
                  jets events}",
     journal   = "Phys. Rev.",
     volume    = "D72",
     year      = "2005",
     pages     = "052003",
     eprint    = "hep-ex/0504053",
     archivePrefix = "arXiv",
     doi       = "10.1103/PhysRevD.72.052003",
     SLACcitation  = "%%CITATION = HEP-EX/0504053;%%"
}

@Article{Acosta:2005np,
     author    = "Acosta, Darin E. and others",
 collaboration = "CDF",
     title     = "{Search for long-lived doubly-charged Higgs bosons in p
                  anti-p collisions at s**(1/2) = 1.96-TeV}",
     journal   = "Phys. Rev. Lett.",
     volume    = "95",
     year      = "2005",
     pages     = "071801",
     eprint    = "hep-ex/0503004",
     archivePrefix = "arXiv",
     doi       = "10.1103/PhysRevLett.95.071801",
     SLACcitation  = "%%CITATION = HEP-EX/0503004;%%"
}

@Article{Acosta:2005eu,
     author    = "Acosta, Darin E. and others",
 collaboration = "CDF",
     title     = "{First evidence for B0(s) $\rightarrow$ phi phi decay and
                  measurements of branching ratio and A(CP) for B+ $\rightarrow$ phi
                  K+}",
     journal   = "Phys. Rev. Lett.",
     volume    = "95",
     year      = "2005",
     pages     = "031801",
     eprint    = "hep-ex/0502044",
     archivePrefix = "arXiv",
     doi       = "10.1103/PhysRevLett.95.031801",
     SLACcitation  = "%%CITATION = HEP-EX/0502044;%%"
}

@Article{Acosta:2005mu,
     author    = "Acosta, Darin E. and others",
 collaboration = "CDF",
     title     = "{Measurement of the W+ W- production cross section in p
                  anti-p collisions at s**(1/2) =1.96-TeV using dilepton
                  events}",
     journal   = "Phys. Rev. Lett.",
     volume    = "94",
     year      = "2005",
     pages     = "211801",
     eprint    = "hep-ex/0501050",
     archivePrefix = "arXiv",
     doi       = "10.1103/PhysRevLett.94.211801",
     SLACcitation  = "%%CITATION = HEP-EX/0501050;%%"
}

@Article{Acosta:2005ud,
     author    = "Acosta, Darin E. and others",
 collaboration = "CDF",
     title     = "{Measurement of the forward-backward charge asymmetry from
                  W $\rightarrow$ e nu production in p anti-p collisions at s**(1/2) =
                  1.96 TeV}",
     journal   = "Phys. Rev.",
     volume    = "D71",
     year      = "2005",
     pages     = "051104",
     eprint    = "hep-ex/0501023",
     archivePrefix = "arXiv",
     doi       = "10.1103/PhysRevD.71.051104",
     SLACcitation  = "%%CITATION = HEP-EX/0501023;%%"
}

@Article{Acosta:2005pq,
     author    = "Acosta, Darin E. and others",
 collaboration = "CDF",
     title     = "{Search for ZZ and ZW production in p anti-p collisions at
                  s**(1/2) = 1.96-TeV}",
     journal   = "Phys. Rev.",
     volume    = "D71",
     year      = "2005",
     pages     = "091105",
     eprint    = "hep-ex/0501021",
     archivePrefix = "arXiv",
     doi       = "10.1103/PhysRevD.71.091105",
     SLACcitation  = "%%CITATION = HEP-EX/0501021;%%"
}

@Article{Acosta:2004yw,
     author    = "Acosta, D. and others",
 collaboration = "CDF",
     title     = "{Measurement of the J/psi meson and b-hadron production
                  cross sections in p anti-p collisions at s(NN)**(1/2) =
                  1960-GeV}",
     journal   = "Phys. Rev.",
     volume    = "D71",
     year      = "2005",
     pages     = "032001",
     eprint    = "hep-ex/0412071",
     archivePrefix = "arXiv",
     doi       = "10.1103/PhysRevD.71.032001",
     SLACcitation  = "%%CITATION = HEP-EX/0412071;%%"
}

@Article{Acosta:2004gt,
     author    = "Acosta, Darin E. and others",
 collaboration = "CDF",
     title     = "{Measurement of the lifetime difference between B(s) mass
                  eigenstates}",
     journal   = "Phys. Rev. Lett.",
     volume    = "94",
     year      = "2005",
     pages     = "101803",
     eprint    = "hep-ex/0412057",
     archivePrefix = "arXiv",
     doi       = "10.1103/PhysRevLett.94.101803",
     SLACcitation  = "%%CITATION = HEP-EX/0412057;%%"
}

@Article{Acosta:2004sn,
     author    = "Acosta, Darin E. and others",
 collaboration = "CDF",
     title     = "{Measurement of the cross section for prompt diphoton
                  production in p anti-p collisions at s**(1/2) = 1.96-TeV}",
     journal   = "Phys. Rev. Lett.",
     volume    = "95",
     year      = "2005",
     pages     = "022003",
     eprint    = "hep-ex/0412050",
     archivePrefix = "arXiv",
     doi       = "10.1103/PhysRevLett.95.022003",
     SLACcitation  = "%%CITATION = HEP-EX/0412050;%%"
}

@Article{Acosta:2004av,
     author    = "Acosta, Darin E. and others",
 collaboration = "CDF",
     title     = "{Search for anomalous kinematics in t anti-t dilepton
                  events at CDF II}",
     journal   = "Phys. Rev. Lett.",
     volume    = "95",
     year      = "2005",
     pages     = "022001",
     eprint    = "hep-ex/0412042",
     archivePrefix = "arXiv",
     doi       = "10.1103/PhysRevLett.95.022001",
     SLACcitation  = "%%CITATION = HEP-EX/0412042;%%"
}

@Article{Acosta:2004wq,
     author    = "Acosta, Darin E. and others",
 collaboration = "CDF",
     title     = "{Measurement of the forward-backward charge asymmetry of
                  electron-positron pairs in anti-p p collisions at s**(1/2)
                  = 1.96-TeV}",
     journal   = "Phys. Rev.",
     volume    = "D71",
     year      = "2005",
     pages     = "052002",
     eprint    = "hep-ex/0411059",
     archivePrefix = "arXiv",
     doi       = "10.1103/PhysRevD.71.052002",
     SLACcitation  = "%%CITATION = HEP-EX/0411059;%%"
}

@Article{Acosta:2004zb,
     author    = "Acosta, Darin E. and others",
 collaboration = "CDF",
     title     = "{Search for scalar leptoquark pairs decaying to nu anti-nu
                  q anti-q in p anti-p collisions at s**(1/2) = 1.96-TeV}",
     journal   = "Phys. Rev.",
     volume    = "D71",
     year      = "2005",
     pages     = "112001",
     eprint    = "hep-ex/0410076",
     archivePrefix = "arXiv",
     doi       = "10.1103/PhysRevD.71.112001",
     SLACcitation  = "%%CITATION = HEP-EX/0410076;%%"
}

@Article{Acosta:2004bs,
     author    = "Acosta, Darin E. and others",
 collaboration = "CDF",
     title     = "{Search for electroweak single top quark production in p
                  anti-p collisions at s**(1/2) = 1.96-TeV}",
     journal   = "Phys. Rev.",
     volume    = "D71",
     year      = "2005",
     pages     = "012005",
     eprint    = "hep-ex/0410058",
     archivePrefix = "arXiv",
     doi       = "10.1103/PhysRevD.71.012005",
     SLACcitation  = "%%CITATION = HEP-EX/0410058;%%"
}

@Article{Acosta:2004sb,
     author    = "Acosta, Darin E. and others",
 collaboration = "CDF",
     title     = "{Search for anomalous production of diphoton events with
                  missing transverse energy at {CDF} and limits on gauge-
                  mediated supersymmetry-breaking models}",
     journal   = "Phys. Rev.",
     volume    = "D71",
     year      = "2005",
     pages     = "031104",
     eprint    = "hep-ex/0410053",
     archivePrefix = "arXiv",
     doi       = "10.1103/PhysRevD.71.031104",
     SLACcitation  = "%%CITATION = HEP-EX/0410053;%%"
}

@Article{Acosta:2004hw,
     author    = "Acosta, D. and others",
 collaboration = "CDF",
     title     = "{Measurement of the t anti-t production cross section in p
                  anti-p collisions at s**(1/2) = 1.96-TeV using lepton +
                  jets events with secondary vertex b-tagging}",
     journal   = "Phys. Rev.",
     volume    = "D71",
     year      = "2005",
     pages     = "052003",
     eprint    = "hep-ex/0410041",
     archivePrefix = "arXiv",
     doi       = "10.1103/PhysRevD.71.052003",
     SLACcitation  = "%%CITATION = HEP-EX/0410041;%%"
}

@Article{Acosta:2004ts,
     author    = "Acosta, Darin E. and others",
 collaboration = "CDF",
     title     = "{Measurement of partial widths and search for direct CP
                  violation in D0 meson decays to K- K+ and pi- pi+}",
     journal   = "Phys. Rev. Lett.",
     volume    = "94",
     year      = "2005",
     pages     = "122001",
     eprint    = "hep-ex/0504006",
     archivePrefix = "arXiv",
     doi       = "10.1103/PhysRevLett.94.122001",
     SLACcitation  = "%%CITATION = HEP-EX/0504006;%%"
}

@Article{Acosta:2004ri,
     author    = "Acosta, Darin E. and others",
 collaboration = "CDF",
     title     = "{Search for excited and exotic electrons in the e $\gamma$
                  decay channel in p anti-p collisions at s**(1/2) = 1.96-
                  TeV}",
     journal   = "Phys. Rev. Lett.",
     volume    = "94",
     year      = "2005",
     pages     = "101802",
     eprint    = "hep-ex/0410013",
     archivePrefix = "arXiv",
     doi       = "10.1103/PhysRevLett.94.101802",
     SLACcitation  = "%%CITATION = HEP-EX/0410013;%%"
}

@Article{Acosta:2004it,
     author    = "Acosta, Darin E. and others",
 collaboration = "CDF II",
     title     = "{Measurement of W $\gamma$ and Z $\gamma$ production in p anti-p
                  collisions at s**(1/2) = 1.96-TeV}",
     journal   = "Phys. Rev. Lett.",
     volume    = "94",
     year      = "2005",
     pages     = "041803",
     eprint    = "hep-ex/0410008",
     archivePrefix = "arXiv",
     doi       = "10.1103/PhysRevLett.94.041803",
     SLACcitation  = "%%CITATION = HEP-EX/0410008;%%"
}

@Article{Acosta:2004be,
     author    = "Acosta, Darin E. and others",
 collaboration = "CDF-II",
     title     = "{Measurement of the t anti-t production cross section in p
                  anti-p collisions at s**(1/2) = 1.96-TeV using kinematic
                  fitting of b-tagged lepton + jet events}",
     journal   = "Phys. Rev.",
     volume    = "D71",
     year      = "2005",
     pages     = "072005",
     eprint    = "hep-ex/0409029",
     archivePrefix = "arXiv",
     doi       = "10.1103/PhysRevD.71.072005",
     SLACcitation  = "%%CITATION = HEP-EX/0409029;%%"
}

@Article{Acosta:2004uq,
     author    = "Acosta, D. and others",
 collaboration = "CDF II",
     title     = "{First measurements of inclusive W and Z cross sections
                  from run II of the Tevatron collider}",
     journal   = "Phys. Rev. Lett.",
     volume    = "94",
     year      = "2005",
     pages     = "091803",
     eprint    = "hep-ex/0406078",
     archivePrefix = "arXiv",
     doi       = "10.1103/PhysRevLett.94.091803",
     SLACcitation  = "%%CITATION = HEP-EX/0406078;%%"
}

@Article{Acosta:2004uj,
     author    = "Acosta, Darin E. and others",
 collaboration = "CDF",
     title     = "{Search for doubly-charged Higgs bosons decaying to
                  dileptons in p anti-p collisions at s**(1/2) = 1.96-TeV}",
     journal   = "Phys. Rev. Lett.",
     volume    = "93",
     year      = "2004",
     pages     = "221802",
     eprint    = "hep-ex/0406073",
     archivePrefix = "arXiv",
     doi       = "10.1103/PhysRevLett.93.221802",
     SLACcitation  = "%%CITATION = HEP-EX/0406073;%%"
}

@Article{Acosta:2004uw,
     author    = "Acosta, Darin E. and others",
 collaboration = "CDF",
     title     = "{Measurement of the t anti-t production cross section in p
                  anti-p collisions at s**(1/2) = 1.96-TeV using dilepton
                  events}",
     journal   = "Phys. Rev. Lett.",
     volume    = "93",
     year      = "2004",
     pages     = "142001",
     eprint    = "hep-ex/0404036",
     archivePrefix = "arXiv",
     doi       = "10.1103/PhysRevLett.93.142001",
     SLACcitation  = "%%CITATION = HEP-EX/0404036;%%"
}

@Article{Acosta:2004xj,
     author    = "Acosta, Darin E. and others",
 collaboration = "CDF",
     title     = "{Search for B0(s) $\rightarrow$ mu+ mu- and B0(d) $\rightarrow$ mu+ mu-
                  decays in p anti-p collisions at s**(1/2) = 1.96-TeV}",
     journal   = "Phys. Rev. Lett.",
     volume    = "93",
     year      = "2004",
     pages     = "032001",
     eprint    = "hep-ex/0403032",
     archivePrefix = "arXiv",
     doi       = "10.1103/PhysRevLett.93.032001",
     SLACcitation  = "%%CITATION = HEP-EX/0403032;%%"
}

